2216 3533
819 455 916 498 ‘m
960 442 1032 498 25
1074 453 1173 497 <w

209 548 340 604 viter
362 544 621 618 perculsus
654 541 1028 614 trepidantibus
1052 536 1267 594 caeteris
1306 553 1358 592 et
1394 538 1543 592 luctu
1565 544 1802 592 conster-

210 639 345 696 natis
367 680 381 703 ‚
421 638 530 711 ipse
567 656 700 692 unus
732 636 872 692 visus
902 651 979 690 est
1014 653 1119 689 non
1152 633 1330 688 timere
1353 673 1369 696 ‚
1411 648 1462 686 et
1496 632 1557 685 de
1599 630 1796 684 instan-

216 750 268 786 te
304 731 399 788 Vix
435 730 646 785 interitu
685 729 916 802 cogitare
946 769 961 792 ‚
1002 744 1143 781 tanta
1184 726 1239 779 in
1276 725 1386 795 ejus
1424 745 1513 779 ore
1548 723 1801 794 vultuque

216 822 382 876 animi
434 821 737 895 magnitudo
787 837 1028 891 tantaque
1073 817 1293 871 firmitas
1332 817 1593 871 eminebat
1637 857 1649 868 .
1710 817 1803 868 An

215 932 322 966 non
356 913 409 967 in
452 913 544 966 illo
578 912 673 965 tibi
709 911 900 967 videris
938 928 1230 982 expressam
1269 908 1586 983 integerrimi
1621 910 1803 981 proba-

218 1003 502 1075 tissimique
539 1002 639 1060 viri
681 1002 869 1056 intueri
911 1002 1225 1076 imaginem,
1267 1002 1433 1073 qualis
1473 1001 1804 1055 aSalomone

215 1096 643 1159 commendatur,
689 1094 775 1149 cui
800 1115 982 1167 nempe
1015 1095 1217 1150 nullum
1252 1115 1388 1150 mors
1422 1114 1668 1169 angorem
1693 1093 1804 1147 nul-

217 1188 426 1259 lumque
464 1204 662 1241 metum
705 1187 774 1241 sit
813 1187 1028 1240 allatura
1071 1229 1086 1251 ‚
1124 1187 1314 1259 quique
1368 1206 1488 1241 cum
1540 1187 1680 1240 caste
1724 1204 1803 1239 sa-

215 1278 413 1350 pienter
442 1281 701 1334 moderate
731 1295 953 1334 aetatem
984 1299 1195 1333 omnem
1219 1277 1519 1352 transegerit
1543 1319 1557 1342 ‚
1603 1294 1804 1332 tantum

215 1372 359 1425 abest
381 1413 396 1436 ,
433 1388 491 1425 ut
527 1372 746 1425 extremi
768 1370 952 1442 judicii
973 1371 1299 1428 severitatem
1323 1370 1618 1425 reformidet
1640 1411 1655 1433 ‚
1677 1369 1805 1442 quin

214 1462 388 1534 potius
431 1482 520 1534 par
554 1463 840 1518 benefactis
885 1463 1173 1534 proemium
1215 1480 1267 1517 et
1306 1463 1653 1517 immortalem
1683 1463 1806 1536 'glo-

217 1552 322 1606 riae
367 1572 614 1607 coronam
677 1555 1071 1624 praestoletur?
1134 1554 1377 1608 Libenter
1428 1557 1734 1627 supersedeo
1773 1574 1806 1608 a

217 1643 691 1699 commemorandis
733 1664 883 1701 verae
936 1644 1236 1717 solidaeque
1287 1645 1492 1718 pietatis
1534 1647 1745 1702 indiciis
1787 1689 1804 1713 ,

218 1754 350 1808 quae
389 1735 455 1787 ad
491 1754 786 1807 supremum
845 1756 1008 1809 usque
1061 1737 1299 1809 spiritum
1346 1739 1584 1794 exhibuit
1638 1741 1807 1795 multa

219 1843 274 1880 et
328 1826 590 1880 luculenta
633 1868 648 1892 ,
703 1848 768 1887 ne
816 1829 940 1883 dum
980 1829 1168 1902 optimi
1211 1831 1469 1904 Principis
1531 1833 1809 1888 memoriae

220 1916 463 1989 laudique
504 1919 763 1990 obsequor
801 1961 816 1985 ‚
877 1921 1140 1976 inflictum
1184 1924 1328 1977 cordi
1368 1942 1460 1979 tuo
1513 1946 1579 1979 ex
1620 1927 1808 1980 acerbo

223 2008 333 2079 ejus
390 2010 566 2063 sunere
623 2012 810 2066 vulnus
855 2012 1030 2069 videar
1081 2017 1469 2084 quodammodo
1509 2016 1747 2071 refricare
1790 2057 1803 2071 .

223 2101 479 2156 Recolere
518 2102 692 2173 potius
730 2104 1040 2175 praestiterit
1081 2108 1136 2161 in
1177 2124 1421 2179 quantam
1454 2109 1664 2166 devenit
1700 2108 1805 2181 jam

226 2212 364 2246 nunc
406 2195 543 2264 apud
579 2214 760 2250 omnes
792 2198 956 2251 bonos
988 2198 1154 2252 famae
1186 2199 1532 2254 celebritatem
1565 2201 1804 2275 egregius

226 2282 335 2354 ejus
375 2285 656 2340 Successor
694 2329 709 2352 ‚
756 2287 846 2359 qui
889 2290 1033 2362 regni
1075 2291 1154 2345 sni
1196 2291 1346 2345 initia
1383 2293 1683 2347 clarissimis
1727 2293 1808 2365 ju-

226 2374 401 2439 Stitiae
457 2378 823 2434 moderationis
881 2381 1222 2452 parsimoniae
1267 2382 1565 2454 prudentiae
1603 2385 1807 2458 religio·

227 2466 308 2520 nis
346 2468 594 2540 exemplis
635 2472 1019 2527 consecraverit
1041 2514 1052 2526 .
1097 2475 1174 2529 Ut
1197 2474 1381 2528 merito
1415 2474 1571 2530 liceat
1598 2477 1661 2530 de
1683 2477 1801 2550 ipso

229 2557 432 2623 dicere,
474 2562 613 2631 quod
651 2562 714 2615 de
756 2563 894 2632 Josia
920 2565 1169 2637 scriptum
1205 2566 1459 2641 legimus,
1501 2590 1605 2641 quo
1643 2570 1806 2624 ferme

231 2667 461 2723 tempore
502 2653 700 2727 flagitia
741 2658 967 2712 maxime
1019 2656 1340 2714 invaluerant
1392 2660 1447 2713 in
1502 2661 1691 2733 pietate
1726 2661 1808 2715 fir-

231 2741 462 2797 missime
503 2746 781 2815 perstitisse
820 2790 836 2811 ‚
882 2750 944 2802 de
979 2749 1300 2822 amplissimo
1345 2769 1516 2807 antem
1557 2751 1664 2823 ejus
1706 2754 1803 2807 Pa-

232 2851 373 2888 rente
405 2837 572 2908 palam
601 2840 923 2910 praedicare,
965 2841 1078 2916 ipso
1100 2843 1208 2903 vita
1227 2846 1409 2900 functo
1431 2887 1445 2910 ,
1485 2845 1592 2918 ejus
1630 2865 1806 2902 semen
