2216 3533
1018 528 1115 570 <m
1157 512 1193 564 4
1234 524 1329 566 ῶν

389 640 540 696 porro
584 637 745 690 neque
790 614 1073 669 timendum
1112 610 1237 665 mihi
1278 627 1438 679 neque
1483 604 1833 662 ssuctuantlum
1876 621 1956 656 es·

390 735 444 769 se
481 709 810 771 existimavi,
850 704 1124 778 quominus
1142 722 1270 774 quae
1294 703 1355 754 de
1376 699 1696 771 amplissimo
1716 698 1956 767 Principe

390 804 610 858 dicenda
645 803 815 854 forent
853 817 1024 852 coram
1046 797 1124 847 Te
1157 795 1322 846 eidem
1359 809 1595 862 suprema
1629 790 1860 844 solvente
1898 789 1957 841 li-

389 897 509 948 bere
548 892 720 946 omnia
766 889 987 941 dicerem
1023 927 1038 950 ,
1096 883 1298 938 etiamsi
1356 903 1476 936 cum
1527 881 1797 933 luctuosae
1847 878 1955 949 ejus

390 985 572 1040 mortis
622 980 945 1035 atrocissima
1000 976 1353 1031 recordatione
1403 973 1690 1028 necessario
1741 971 1957 1043 conjun-

393 1092 536 1131 ctum
578 1073 639 1125 iri
680 1091 783 1124 non
822 1070 1113 1142 ignorarem
1138 1108 1149 1120 .

552 1167 659 1229 Iam
695 1178 753 1215 ut
793 1163 857 1213 ad
895 1179 1001 1213 rem
1039 1159 1243 1214 veniam
1295 1157 1416 1210 hinc
1453 1157 1620 1210 omnis
1663 1156 1816 1210 ducet
1857 1155 1960 1207 ini-

395 1255 524 1308 tium
564 1294 578 1316 ,
620 1256 719 1305 huc
777 1250 976 1304 desinet
1017 1250 1182 1303 oratio
1221 1270 1334 1302 mea
1377 1291 1391 1312 ,
1442 1265 1501 1301 ut
1551 1251 1816 1302 ostendam
1854 1251 1960 1303 VI·-

394 1344 741 1400 CTORIUM
782 1342 1166 1395 AMEDEUM
1208 1342 1273 1392 ad
1311 1339 1453 1412 regni
1492 1340 1838 1411 gubernacula
1874 1360 1961 1392 na-

396 1455 507 1490 tura
542 1435 651 1505 ipsa
692 1434 840 1504 plane
892 1433 1089 1486 factum
1125 1473 1139 1495 ,
1201 1430 1509 1485 educatione
1564 1447 1918 1502 comparatum
1945 1473 1960 1496 ,

393 1545 489 1580 usu
527 1542 578 1577 et
617 1523 935 1595 experientia.
994 1523 1244 1595 regnandi
1299 1541 1420 1576 cum
1457 1522 1564 1577 suis
1623 1539 1732 1575 tum
1781 1523 1962 1578 alienis

398 1638 454 1673 se
491 1615 719 1688 apprime
756 1616 998 1668 idoneum
1031 1616 1307 1685 probasse,
1334 1614 1424 1685 qui
1455 1613 1610 1686 Regis
1654 1629 1822 1685 partes
1863 1634 1956 1685 pro

394 1709 649 1780 dignitate
672 1707 974 1761 sustineret.
1019 1708 1194 1759 Tuum
1217 1722 1328 1769 est,
1363 1705 1796 1759 BEATISSIME
1837 1705 1964 1758 PA-

394 1801 537 1854 TER
561 1840 576 1862 ,
614 1819 718 1870 quo
754 1815 960 1853 auctore
983 1840 997 1861 ,
1040 1815 1190 1868 atque
1227 1796 1440 1869 auspice
1477 1812 1678 1850 tantum
1712 1815 1845 1850 onus
1879 1815 1964 1850 su-

396 1889 644 1962 sceperim
676 1931 690 1953 ‚
729 1889 975 1962 singulari
1010 1887 1332 1943 humanitate
1374 1905 1461 1941 tua
1501 1885 1845 1958 audiendique
1884 1886 1962 1939 di-

398 1983 613 2054 ligentia
646 1984 718 2036 ita
756 2000 837 2034 me
872 1980 1062 2052 erigere
1098 1997 1149 2033 et
1190 1980 1527 2041 confirmare,
1570 1995 1629 2032 ut
1668 1977 1748 2032 sin
1788 1977 1964 2033 minus

396 2093 489 2145 pro
530 2073 600 2126 rei
639 2071 981 2145 praestantia,
1022 2071 1228 2143 locique
1265 2071 1604 2142 amplitudine
1645 2070 1862 2134 dixero,
1910 2069 1965 2126 in

397 2166 523 2218 haec
566 2167 746 2217 saltem
789 2163 962 2218 videar
1004 2179 1250 2216 conatum
1290 2181 1499 2217 omnem
1531 2163 1845 2220 intendisse.

556 2257 679 2307 Duo
722 2254 776 2307 in
819 2254 994 2326 primis
1035 2256 1203 2310 valere
1233 2254 1510 2326 plurimum
1549 2254 1717 2308 sentio
1741 2295 1754 2318 ,
1801 2272 1851 2308 et
1887 2274 1965 2309 es-

395 2367 452 2402 se
493 2346 865 2418 propemodum
898 2346 1182 2399 necessaria
1205 2387 1220 2409 ,
1260 2344 1451 2417 utquis
1474 2344 1524 2398 in
1548 2345 1804 2416 praeclara
1837 2364 1966 2416 qua-

396 2437 526 2490 libet
563 2437 804 2490 facultate
842 2453 1090 2508 praestare
1127 2439 1325 2509 possim
1365 2436 1578 2489 insitam
1614 2437 1858 2491 videlicet
1899 2438 1965 2490 ad

401 2527 513 2598 ejus
556 2527 649 2581 rite
688 2529 962 2582 ineundam
1002 2529 1304 2598 palaestram
1341 2526 1660 2582 alacritatem
1695 2546 1813 2580 cum
1853 2527 1966 2580 diu«

401 2635 552 2674 turno
576 2660 591 2683 ,
635 2620 967 2690 improboque
990 2620 1042 2673 in
1066 2620 1242 2675 eadem
1285 2617 1632 2690 perlustranda
1672 2618 1843 2672 studio
1866 2658 1880 2681 ,
1916 2634 1967 2672 et

405 2710 774 2765 exercitatione
813 2709 1169 2779 conjunctam.
1211 2711 1385 2780 Aegre
1418 2708 1554 2762 enim
1595 2728 1724 2778 quae
1758 2709 1822 2761 ad
1858 2727 1962 2761 rem

403 2822 535 2872 opus
573 2802 763 2856 fuerint
795 2800 1107 2872 persequaris
1136 2817 1186 2852 et
1218 2799 1400 2852 calleas
1424 2840 1437 2862 ‚
1476 2798 1565 2852 ubi
1607 2800 1781 2851 animo
1818 2798 1872 2850 in
1903 2797 1966 2849 ile·

413 2894 518 2948 lam
541 2896 720 2949 hebete
757 2893 826 2948 sis
850 2934 864 2958 ,
888 2893 969 2949 vel
1007 2892 1172 2945 alieno
1197 2932 1208 2948 ,
1250 2891 1305 2944 Si
1347 2909 1468 2949 vero
1507 2889 1805 2951 industriam
1848 2887 1965 2946 ode-.
