2216 3533
855 482 1171 540 ‘tv-³35³?

212 577 378 635 moria
439 579 623 634 retinet
675 583 1024 655 unusquisque
1083 601 1316 638 nostrum
1372 604 1525 655 quam
1572 586 1786 641 acerbus

214 692 468 746 quamque
520 673 794 729 inusitatus
847 694 1050 729 moeror
1101 675 1333 730 omnium
1374 677 1645 745 perculerit
1680 678 1791 731 ani-

215 785 330 820 mos
372 807 388 831 ,
424 784 542 818 cum
585 765 804 837 primum
843 766 1152 821 nunciatum
1188 783 1266 820 est
1299 808 1314 829 ‚
1358 767 1790 823 VICTORIUNI

216 857 354 911 diem
391 876 684 929 supremum
725 855 948 918 obiisse.
1001 857 1167 928 Atqui
1208 859 1336 912 duos
1363 857 1466 929 jam
1501 879 1663 914 annos
1690 876 1794 914 tam

218 948 422 1003 infirma
457 964 565 1002 erat
605 948 934 1013 valetudine,
974 966 1033 1002 ut
1089 949 1195 1004 suis
1235 967 1430 1004 metum
1479 971 1585 1005 non
1636 953 1797 1007 semel

220 1040 454 1114 injecerit
490 1082 505 1105 ‚
566 1059 631 1094 ne
677 1040 877 1113 optimo
923 1041 1163 1113 Principe
1204 1042 1659 1115 amantissimoque
1703 1044 1798 1098 Pa-

220 1151 364 1187 rente
404 1132 458 1186 in
496 1132 714 1187 summis
765 1153 931 1188 rerum
993 1134 1247 1207 angustiis
1299 1152 1351 1188 et
1401 1135 1798 1191 difficultatibus

220 1229 518 1281 orbarentur
540 1266 552 1279 .
591 1226 749 1278 Fama
778 1225 987 1281 scilicet
1022 1225 1125 1295 jam
1163 1246 1230 1280 ex
1266 1226 1358 1280 illo
1395 1243 1621 1298 tempore
1643 1268 1658 1291 ,
1692 1247 1798 1300 quo

223 1317 269 1372 is
322 1319 494 1389 coepit
547 1316 748 1388 imperii
795 1315 995 1370 frenum
1047 1317 1295 1370 moderari
1338 1359 1352 1382 ‚
1397 1318 1552 1391 longe
1593 1319 1797 1390 lateque

221 1410 631 1482 percrebuerat:
691 1407 747 1461 in
799 1428 905 1462 uno
946 1409 1308 1462 VICTORIO
1369 1428 1552 1462 omnes
1617 1409 1799 1463 eximii

223 1500 461 1577 gentium
498 1499 709 1555 rectoris
748 1500 896 1555 dotes
919 1541 934 1565 ‚
969 1519 1029 1554 ac
1069 1500 1253 1555 decora
1287 1500 1578 1572 conspirare
1602 1542 1614 1554 .
1653 1502 1802 1555 Haec

225 1612 327 1666 ego
366 1610 569 1647 mecum
607 1592 838 1647 recolens
861 1633 876 1657 ‚
921 1612 1039 1648 cum
1078 1592 1386 1666 gravissima
1423 1592 1551 1646 mihi
1589 1609 1641 1646 et
1677 1594 1806 1648 sale·

226 1687 378 1742 brosa
421 1687 483 1740 de
521 1701 666 1740 tanto
703 1684 849 1758 Rege
888 1685 1026 1756 apud
1067 1699 1116 1737 te
1148 1683 1355 1737 dicendi
1395 1683 1667 1756 provincia
1702 1683 1804 1737 fuit

229 1778 534 1832 demandata
557 1818 572 1841 ,
613 1777 826 1834 verebar
865 1776 1143 1848 plurimum
1167 1817 1183 1840 ‚
1216 1795 1278 1830 ne
1314 1775 1487 1831 illatus
1511 1775 1688 1830 animo
1713 1793 1806 1831 tuo

231 1891 298 1926 ex
331 1869 438 1942 ejus
473 1868 685 1923 interitu
719 1868 866 1922 dolor
898 1868 1086 1923 exinde
1120 1887 1241 1923 sane
1278 1869 1689 1932 recrudesceret,
1713 1888 1811 1922 un-

233 1964 297 2016 de
328 1961 426 2034 ipsi
456 1963 570 2018 laus
612 1960 905 2033 profectura
939 1977 1073 2016 esset
1112 1959 1338 2014 maxima
1376 1977 1427 2013 et
1460 1960 1769 2031 sempiterna
1795 2001 1807 2013 .

235 2053 345 2108 Ubi
379 2071 501 2108 Vero
538 2051 750 2107 memini
783 2093 798 2116 ,
849 2053 928 2105 Te
963 2071 1063 2124 qua
1103 2072 1156 2106 es
1194 2051 1386 2125 insigni
1426 2051 1717 2105 constantia
1757 2068 1809 2106 et

236 2142 541 2198 fortitudine
597 2141 1019 2198 molestissimam
1082 2163 1336 2213 quamque
1395 2141 1811 2199 vicissitudinem

238 2251 441 2289 strenue
477 2252 675 2304 semper
710 2249 760 2287 et
799 2233 1166 2306 aequanimiter
1211 2234 1388 2289 tulisse
1411 2276 1425 2299 ,
1469 2234 1598 2288 nihil
1641 2250 1815 2288 autem

238 2326 476 2381 habuisse
514 2325 774 2397 antiquius
816 2367 831 2389 ,
866 2346 1018 2398 quam
1059 2342 1118 2379 ut
1151 2344 1241 2379 eos
1279 2327 1364 2382 Vel
1404 2324 1692 2397 patrocinio
1729 2324 1813 2376 fo-

241 2437 385 2476 Veres
427 2459 442 2483 ‚
483 2418 570 2475 Vel
608 2417 852 2490 proemiis
889 2417 1117 2472 alliceres
1163 2432 1316 2488 atque
1357 2416 1627 2471 hortareris
1668 2457 1683 2480 ‚
1724 2415 1812 2472 vel

241 2512 412 2584 palam
447 2510 820 2583 praedicandos
861 2509 1244 2580 efferendosque
1283 2527 1484 2564 curares
1509 2550 1523 2573 ‚
1559 2526 1689 2580 quos
1727 2500 1819 2560 aut

245 2602 456 2676 ingenio
492 2619 580 2657 aut
619 2622 772 2674 opera
812 2618 901 2656 aut
944 2601 1168 2656 consilio
1208 2617 1259 2654 et
1294 2600 1599 2654 auctoritate
1640 2600 1702 2651 de
1739 2617 1816 2651 re-

247 2694 457 2766 publica
492 2696 654 2765 deque
692 2694 939 2767 religione
957 2693 1267 2746 benemereri
1296 2692 1632 2763 comperisses
1657 2731 1670 2753 ,
1692 2689 1818 2754 ubi,

248 2784 478 2856 inquam,
500 2785 625 2837 mihi
645 2801 902 2841 Venerunt
921 2784 974 2838 in
997 2800 1221 2838 mentem
1244 2785 1367 2837 haec
1392 2801 1542 2854 atque
1563 2782 1663 2835 alia
1683 2799 1822 2853 egre·

252 2875 336 2949 gia
372 2895 432 2932 ac
467 2895 596 2950 pene
635 2875 811 2934 divina
843 2892 957 2932 tuae
1000 2875 1287 2936 voluntatis
1316 2888 1617 2947 argumenta
1641 2913 1655 2937 ‚
1694 2871 1822 2925 nihil
