2216 3533
826 433 922 474 wa
972 425 1038 479 19
1082 432 1177 477 cad

229 534 336 572 tum
373 517 606 575 invenire
641 560 651 570 .
703 520 879 584 Quare
920 519 1106 573 faciam
1145 560 1160 583 ‚
1201 521 1341 594 quod
1379 521 1671 595 Geographi
1715 542 1800 577 so-

225 612 369 673 lent,
411 609 501 682 qui
546 610 851 683 multiplicis
895 613 1098 683 lateque
1140 611 1360 682 patentis
1403 613 1627 684 regionis
1670 614 1800 668 ima-

227 700 403 772 ginem
440 702 563 757 satis
598 703 831 777 angustis
864 702 1122 756 inclusam
1144 702 1322 775 spatiis
1346 704 1623 758 exhibituri
1659 726 1806 777 prae-

229 791 406 863 cipuas
446 809 646 847 tantum
690 792 799 864 ejus
840 812 1008 864 partes
1052 795 1335 849 describere
1372 812 1651 870 satagunt,
1675 818 1808 868 quae

229 884 438 941 levioris
480 904 589 939 esse
628 885 877 939 momenti
912 886 1294 959 cognoverint,
1338 908 1513 942 eorum
1555 889 1806 960 inscripto

228 975 439 1029 nomine
479 976 737 1031 denotatis
781 1019 793 1030 .
862 979 988 1032 Esto
1030 978 1191 1051 igitur
1231 999 1442 1052 gravem
1486 981 1683 1053 largum
1724 978 1805 1050 ju-

197 1084 365 1130 vstum
409 1068 703 1122 beneficum
739 1069 937 1141 experti
979 1069 1084 1124 sint
1115 1069 1435 1142 quicumque
1474 1073 1678 1124 tandem
1719 1091 1802 1125 so-

228 1158 306 1211 liti
344 1160 428 1217 vel
467 1179 677 1213 munere
717 1161 968 1234 fungendi
1010 1162 1178 1234 gratia
1211 1162 1256 1215 ei
1299 1178 1499 1233 praesto
1542 1182 1685 1225 esse,
1719 1161 1808 1218 vel

229 1251 295 1303 ad
332 1269 448 1305 eum
506 1251 560 1305 in
612 1254 762 1307 rebus
805 1252 976 1306 dubiis
1017 1270 1107 1306 aut
1148 1255 1442 1327 profligatis
1484 1256 1804 1326 confugere.

229 1346 307 1399 Eo
345 1363 513 1399 tamen
554 1345 753 1416 plenius
793 1362 845 1398 et
874 1345 1188 1400 luculentius
1232 1346 1286 1400 in
1328 1348 1442 1419 ipso
1483 1366 1537 1401 se
1578 1345 1804 1418 prodidit

228 1437 387 1491 animi
427 1436 732 1510 magnitudo
768 1452 922 1507 atque
965 1423 1291 1502 constantia,
1334 1457 1438 1510 quo
1482 1435 1801 1509 praesentius

228 1532 448 1585 adducta
486 1547 563 1585 est
603 1529 658 1582 in
695 1529 973 1583 discrimen
1015 1571 1030 1592 ‚
1075 1550 1280 1602 quoque
1319 1531 1643 1604 gravioribus
1683 1548 1810 1583 cum

222 1621 511 1688 *obstaculis
549 1637 601 1675 et
633 1620 863 1675 inimicis
901 1620 947 1674 ei
985 1621 1087 1675 fuit
1124 1622 1539 1678 conflictandum
1563 1664 1574 1676 .

388 1713 606 1786 Refugit
644 1731 790 1767 mens
829 1712 1085 1767 recordari
1126 1733 1280 1784 quam
1324 1715 1468 1770 triste
1509 1756 1524 1779 ‚
1584 1731 1637 1770 et
1676 1712 1811 1787 peri-

231 1807 467 1861 culosum
500 1807 695 1859 bellum
731 1805 930 1877 aliquot
966 1805 1153 1861 abhinc
1187 1806 1334 1861 annis
1365 1807 1544 1861 Italiae
1579 1808 1708 1862 fines
1730 1808 1810 1861 in-

231 1898 423 1956 vaserit
463 1940 475 1951 .
539 1898 755 1963 Quanta
796 1898 984 1951 exinde
1026 1897 1277 1953 instarent
1316 1901 1453 1953 mala
1493 1919 1599 1953 non
1640 1901 1810 1955 solum

234 1990 299 2042 ad
328 1989 632 2061 populorum
670 1987 931 2043 excidium
957 2030 972 2053 ,
1012 2006 1062 2043 et
1093 1991 1315 2045 Urbium
1344 2010 1687 2064 agrorumque
1717 2012 1811 2049 va-

235 2079 462 2133 stitatem
487 2121 501 2143 ‚
541 2099 720 2136 Verum
762 2079 916 2135 etiam
952 2081 1006 2135 in
1043 2102 1281 2147 morum,
1327 2100 1378 2137 et
1419 2082 1682 2157 religionis
1707 2103 1814 2156 per-

236 2171 426 2226 niciem
484 2170 586 2242 jam
627 2174 692 2225 ab
737 2171 854 2226 aliis
895 2189 1046 2244 atque
1087 2174 1201 2229 aliis
1257 2192 1497 2230 terrarum
1538 2176 1702 2250 plagis
1744 2176 1812 2231 ad

236 2283 331 2318 nos
369 2264 504 2318 fama
539 2265 818 2336 pertulerat
854 2304 867 2317 .
908 2266 1017 2331 Jam
1057 2266 1355 2336 pestiferum
1392 2267 1444 2320 in
1487 2267 1602 2338 ipso
1631 2268 1811 2321 Italiae

235 2355 351 2410 sinu
387 2356 529 2411 virus
569 2359 835 2428 serpebat:
868 2354 973 2427 jam
999 2356 1252 2411 Italorum
1296 2377 1402 2411 non
1438 2377 1632 2429 paucos
1673 2357 1808 2412 insa-

235 2466 305 2502 na
336 2449 585 2519 quaedam
605 2447 871 2520 improbae
903 2447 1306 2520 effraenataeque
1344 2448 1582 2502 licentiae
1619 2448 1811 2520 cupido

236 2539 545 2594 incesserat.
590 2541 803 2594 Nullum
842 2560 908 2594 ex
948 2540 1050 2593 alia
1083 2556 1224 2611 parte
1257 2541 1380 2594 satis
1424 2557 1592 2594 tutum
1630 2542 1812 2595 adver-

237 2648 325 2685 sus
367 2630 716 2702 impendentia
755 2630 1054 2685 discrimina
1107 2648 1158 2685 et
1200 2631 1515 2686 calamitates
1569 2650 1809 2685 occurre-

237 2723 328 2774 bat
365 2721 655 2794 perfugium
678 2763 694 2787 ,
736 2723 877 2777 nulla
913 2722 1013 2776 nisi
1054 2742 1243 2795 anceps
1284 2723 1633 2796 optatissimae
1672 2738 1806 2774 tran-

239 2812 506 2884 quillitatis
535 2813 946 2886 concordiaeque
980 2814 1322 2869 restituendae
1354 2815 1557 2887 patebat
1580 2813 1661 2870 via
1686 2853 1697 2866 .
1724 2813 1801 2866 Eo
