2216 3533
836 462 933 506 Ψ*-
974 455 1009 512 9
1052 469 1150 511 σν

204 549 329 604 dum
371 547 708 604 incitamenta
747 565 799 606 et
839 553 1068 606 subsidia
1108 573 1212 610 non
1257 555 1464 613 deerant
1499 560 1777 617 obstacula

203 659 334 713 quae
370 660 603 712 superare
642 683 658 707 ‚
713 662 820 697 non
862 644 1176 700 offendicula
1213 667 1243 700 a
1284 649 1469 720 quibus
1508 672 1780 723 praecave-

206 751 260 786 re
305 774 322 796 ‚
377 751 483 785 non
528 733 701 788 hostes
753 734 1063 805 quibuscum
1122 740 1371 812 congredi
1423 758 1476 795 et
1517 744 1779 798 decertare

205 824 359 879 illum
396 841 654 895 oporteret
697 846 711 878 ε
777 826 1068 897 cujusmodi
1111 830 1360 903 obtigisse
1403 833 1597 889 Davidi
1635 852 1783 888 ante-⁵

207 937 361 990 quam
401 916 589 971 solium
647 922 1016 974 conscenderet
1059 921 1238 979 divina
1280 940 1492 979 testatur
1533 925 1745 980 historia
1769 967 1780 980 ,

208 1010 332 1064 Illos
365 1008 485 1065 dico
513 1027 685 1065 motus
717 1011 1059 1083 cupiditatum
1081 1055 1096 1078 ‚
1139 1012 1257 1069 illas
1295 1016 1578 1088 voluptatis
1611 1016 1786 1072 illece-

206 1102 324 1157 bras
364 1144 380 1167 ‚
417 1121 549 1173 quae
593 1118 653 1156 ut
687 1123 1103 1177 unumquemque
1150 1107 1419 1161 hominum
1458 1107 1511 1161 in
1552 1107 1666 1179 ipso
1707 1107 1787 1179 ju-

206 1195 436 1252 ventutis
468 1195 595 1250 ssore
626 1196 812 1249 acriter
843 1196 1016 1250 solent
1036 1197 1280 1270 impetere
1303 1215 1353 1253 et
1375 1219 1523 1272 agere
1545 1199 1600 1253 in
1623 1216 1784 1254 trans-

204 1306 410 1345 versum
449 1304 698 1342 conantur
740 1309 757 1352 ;
794 1288 867 1342 ita
900 1290 1065 1344 multo
1102 1289 1243 1361 ipsos
1279 1290 1634 1346 vehementius
1674 1290 1784 1346 affi-

205 1397 324 1434 cere
371 1378 746 1452 dignoscuntur
779 1420 795 1444 ‚
853 1380 898 1435 si
938 1399 1101 1438 novas
1149 1381 1356 1453 insuper
1395 1382 1532 1439 vires
1576 1383 1785 1455 capiant

204 1471 271 1526 ab
309 1469 458 1524 aulae
497 1487 691 1540 pompa
727 1484 780 1523 et
815 1468 945 1524 luxu
983 1512 998 1535 ,
1040 1492 1070 1525 a
1107 1471 1378 1542 praeclaris
1410 1471 1661 1544 majorum
1704 1473 1784 1526 in·

203 1560 441 1634 signibus
465 1601 481 1624 ‚
523 1579 553 1613 a
574 1559 717 1632 regio
739 1559 884 1613 cultu
915 1577 967 1614 et
1004 1561 1376 1634 amplitudine,
1419 1583 1448 1616 a
1485 1564 1664 1619 fucato
1700 1585 1781 1620 as-

203 1666 523 1706 sentatorum
562 1649 793 1722 alloquio
822 1691 838 1715 ‚
875 1651 1094 1724 aliisque
1134 1652 1188 1706 id
1229 1672 1392 1727 genus
1432 1657 1782 1722 benemultis‚

206 1741 394 1814 quibus
436 1741 721 1795 redundant
771 1743 1005 1815 laqueata
1057 1743 1349 1818 principum
1402 1764 1537 1802 tecta
1580 1749 1778 1820 pericu·

207 1833 480 1890 losissimis
520 1834 816 1889 animorum
852 1835 1218 1892 blandimentis
1267 1881 1279 1891 .
1336 1839 1414 1892 At
1456 1860 1610 1912 quam
1654 1843 1781 1896 haec

206 1927 257 1982 ei
293 1927 523 1980 fraudem
555 1944 729 1995 parare
755 1943 846 1979 aut
880 1927 1066 1981 inferre
1099 1927 1209 1984 vim
1242 1944 1475 1999 poterant
1497 1970 1511 1994 ‚
1548 1931 1637 2001 qui
1680 1929 1789 2001 jam

208 2038 240 2072 a
276 2015 460 2070 teneris
494 2056 509 2078 ,
547 2030 606 2068 ut
637 2013 782 2085 ajunt
813 2057 828 2080 ‚
865 2018 1166 2091 unguiculis
1206 2018 1336 2073 nihil
1376 2022 1588 2094 aggredi
1629 2022 1785 2076 nihil-

208 2129 308 2183 que
345 2107 515 2162 moliri
557 2124 934 2173 consueverat,
977 2111 1116 2181 quod
1148 2129 1256 2163 non
1288 2112 1354 2165 ad
1376 2112 1587 2168 rationis
1614 2130 1666 2168 et
1698 2115 1786 2167 ho·

210 2199 426 2258 nestatis
465 2220 698 2255 normam
735 2200 1063 2272 expendisset
1099 2206 1119 2256 ἓ
1183 2202 1292 2267 Qui
1343 2205 1497 2275 paulo
1550 2203 1782 2261 firmiore

211 2314 345 2353 aevo
372 2308 516 2347 totus
535 2311 599 2345 eo
633 2292 869 2346 incubuit
888 2335 902 2358 ‚
925 2309 982 2347 ut
1014 2293 1302 2365 sapientum
1330 2293 1535 2365 placitis
1567 2311 1619 2348 et
1649 2296 1786 2367 opti-

209 2404 412 2441 marum
449 2383 836 2455 disciplinarum
886 2384 1074 2456 opibus
1120 2401 1344 2439 mentem
1383 2385 1636 2441 imbueret
1671 2387 1783 2441 ani-

210 2496 455 2548 mumque
499 2476 743 2530 formaret
786 2497 800 2530 ε
854 2476 943 2548 qui
980 2495 1094 2530 eam
1135 2493 1317 2531 nactus
1357 2493 1644 2549 temporum
1683 2477 1782 2532 ini-

209 2567 456 2640 quitatem
480 2607 495 2631 ,
534 2585 657 2621 cum
691 2566 899 2639 scriptis
940 2568 1167 2639 undique
1201 2585 1421 2624 scateret
1463 2569 1666 2640 Europa
1699 2590 1783 2642 pe-

212 2659 446 2715 stiferum
478 2657 798 2715 lascivientis
831 2659 1194 2731 Philosophiae
1219 2659 1360 2716 Virus
1396 2675 1448 2713 et
1480 2660 1782 2715 foedissima

211 2748 517 2821 opinionum
553 2766 780 2804 monstra
816 2751 1218 2824 praeferentibus
1251 2792 1266 2815 ,
1304 2751 1513 2805 illorum
1555 2751 1782 2806 maxime

213 2839 436 2897 lectione
456 2839 836 2907 delectabatur,
876 2844 1011 2897 unde
1032 2843 1363 2916 purissimum
1395 2842 1656 2898 solidioris
1692 2843 1779 2897 do-

1197 2930 1214 2948 *
1263 2931 1282 2949 2
