2216 3533
1007 475 1105 518 tm
1152 464 1221 504 10
1266 477 1363 519 ἢ..)

395 563 590 618 ctrinae
625 581 840 619 succum
881 561 1114 627 haurire,
1157 578 1209 616 et
1245 561 1578 617 intemeratae
1608 564 1841 621 veritatis
1882 565 1972 618 de-

396 656 561 712 rivare
601 656 878 710 candorem
913 654 968 707 in
1009 673 1064 708 se
1105 672 1258 725 posse
1295 652 1605 726 intelligeret
1641 676 1655 708 ε
1697 657 1786 728 qui
1826 655 1972 711 deni·

394 769 493 821 que
537 745 561 823 <
597 748 737 819 quod
772 764 941 801 rectae
981 745 1496 816 absolutissimaeque
1535 747 1841 820 disciplinae
1883 768 1970 805 ca-

392 856 487 912 put
516 854 592 893 est
628 858 687 893 ac
726 836 1162 913 fundamentum)
1195 837 1325 891 illud
1361 838 1566 892 haberet
1605 839 1928 911 propositum
1952 879 1968 903 ‚

391 930 706 985 catholicam
735 928 969 1001 inprimis
996 928 1303 1002 religionem
1333 928 1637 1001 cogitandi,
1676 929 1968 1003 agendique

395 1022 539 1094 sequi
577 1021 874 1095 magistram
904 1040 964 1075 ac
999 1022 1183 1074 ducem
1206 1061 1222 1084 ,
1260 1036 1313 1073 et
1339 1019 1588 1091 quidquid
1619 1022 1682 1074 ab
1711 1021 1850 1075 illius
1884 1020 1970 1077 vel

395 1115 673 1171 minimum
695 1114 988 1168 deflecteret
1019 1114 1346 1171 documentis
1369 1129 1521 1185 atque
1551 1113 1803 1169 institutis
1828 1132 1970 1187 pror-

394 1226 482 1262 sus
523 1205 757 1278 refugere
793 1222 949 1277 atque
982 1207 1245 1263 aversari?
1287 1208 1522 1263 Noverat
1545 1206 1733 1280 quippe
1766 1208 1970 1277 alteque

391 1298 616 1352 infixum
658 1296 908 1351 retinebat
942 1313 994 1351 et
1029 1297 1303 1352 luculentis
1335 1313 1602 1369 parentum
1634 1297 1884 1369 exemplis
1919 1312 1972 1349 et

389 1388 708 1461 quotidianis
740 1405 1128 1459 praeceptorum
1158 1388 1370 1443 monitis
1394 1429 1410 1452 ‚
1448 1406 1501 1444 et
1532 1407 1624 1443 sua
1665 1389 1773 1462 ipse
1804 1388 1857 1442 in
1893 1407 1971 1442 sa-

388 1480 489 1535 cris
548 1477 730 1533 litteris
783 1479 1088 1536 evolvendis
1122 1479 1538 1551 meditandisque
1575 1480 1876 1534 assiduitate
1917 1495 1971 1532 et

390 1570 597 1627 solertia
636 1611 652 1634 ‚
700 1568 829 1623 nihil
869 1588 981 1624 esse
1018 1570 1228 1624 homine
1264 1570 1473 1641 dignius
1514 1611 1528 1633 ‚
1561 1570 1690 1623 nihil
1722 1571 1789 1623 ad
1829 1569 1971 1626 vitae

390 1680 598 1715 cursum
626 1662 844 1715 honeste
876 1676 1118 1732 casteque
1151 1659 1536 1734 transigendum
1560 1702 1576 1726 ‚
1605 1662 1735 1715 nihil
1770 1663 1837 1716 ad
1876 1682 1969 1734 pu-

391 1753 583 1807 blicam
621 1751 1038 1806 incolumitatem
1087 1750 1491 1823 felicitatemque
1543 1753 1848 1810 servandam
1904 1770 1968 1808 ac

387 1842 768 1915 provehendam
801 1841 967 1914 magis
1003 1841 1355 1896 necessarium
1389 1843 1641 1917 religione
1666 1864 1696 1898 a
1718 1846 1834 1899 Deo
1873 1861 1970 1898 tra*

387 1933 497 1988 dita
533 1948 585 1986 et
621 1930 813 1987 Christi
845 1950 932 1984 ore
965 1931 1205 2002 expedita
1237 1946 1290 1989 et
1311 1937 1672 1988 commendata
1695 1974 1706 1987 .
1729 1937 1788 1987 In
1811 1955 1968 2006 quam

387 2043 546 2079 unam
587 2022 631 2076 si
668 2021 855 2075 intueri
892 2040 998 2074 non
1039 2021 1243 2076 desinas
1286 2063 1302 2087 ,
1352 2041 1674 2094 perspectum
1712 2024 1866 2079 habes
1913 2040 1969 2078 etz

391 2117 665 2190 cognitum
701 2116 825 2188 quid
864 2133 987 2172 vere
1018 2115 1148 2171 utile
1179 2115 1247 2169 sit
1268 2157 1283 2180 ,
1324 2115 1452 2187 quid
1482 2118 1758 2171 honestum
1785 2158 1798 2181 ‚
1841 2117 1969 2188 quid

389 2211 546 2265 liceat
587 2250 603 2274 ‚
659 2208 783 2280 quid
816 2228 922 2262 non
960 2207 1086 2260 item
1127 2248 1143 2272 ‚
1197 2207 1320 2279 quid
1357 2207 1451 2260 tibi
1487 2249 1503 2271 ,
1543 2207 1668 2278 quid
1721 2208 1834 2262 aliis
1877 2210 1965 2262 deq

389 2304 546 2365 beas,
582 2319 681 2372 qua
718 2299 916 2353 ratione
958 2297 1057 2352 tuis
1099 2297 1236 2351 idem
1274 2298 1568 2352 commodis
1606 2314 1657 2352 et
1692 2298 1965 2352 communi

384 2391 597 2446 humani
638 2390 840 2464 generis
896 2391 1035 2444 bono
1088 2389 1374 2450 certissime
1423 2392 1595 2446 valeas
1647 2390 1961 2461 copioseque

387 2482 660 2536 consulere
683 2524 694 2539 ,
739 2481 939 2535 Mirum
967 2481 1099 2535 illud
1129 2482 1363 2551 profecto
1395 2498 1454 2534 ac
1487 2496 1718 2534 monstro
1757 2479 1962 2544 simile,

388 2575 532 2646 quod
593 2591 713 2627 cum
765 2575 849 2630 vel
887 2594 917 2627 a
958 2573 1314 2631 remotissimis
1363 2572 1690 2643 antiquitatis
1739 2572 1963 2626 saeculis

388 2683 572 2718 omnes
622 2665 984 2738 legumlatores
1040 2681 1090 2718 et
1136 2664 1370 2736 gentium
1427 2662 1645 2734 imperio
1703 2661 1952 2734 praefecti

386 2755 648 2828 principes
700 2755 953 2810 maximas
1003 2776 1147 2809 curas
1184 2772 1235 2808 et
1271 2754 1615 2828 cogitationes
1656 2754 1710 2808 in
1751 2752 1961 2826 religio-

388 2867 508 2906 nem
547 2846 859 2904 intenderint
897 2868 915 2911 ς
955 2867 1048 2902 nos
1086 2847 1140 2905 in
1180 2862 1318 2901 tanta
1361 2845 1687 2920 ingeniorum
1724 2843 1959 2904 alacritas
