2216 3533
807 458 903 502 tw
954 450 1011 482 ΙΙ
1064 457 1159 498 <sta

199 561 247 599 te
284 559 334 598 et
371 544 680 618 omnigenae
719 542 1023 598 eruditionis
1062 544 1176 596 luce
1211 560 1273 595 eo
1297 540 1658 599 devenerimus
1683 584 1697 607 ,
1721 558 1782 596 ut

195 634 283 689 illa
325 636 390 689 ad
423 636 837 691 constituendam
877 635 1254 708 gerendamque
1287 635 1654 705 rempublicam
1688 636 1781 693 Vix

197 743 257 778 ac
297 744 362 779 ne
399 725 493 783 vix
529 727 738 798 quidem
773 726 993 781 conferri
1030 726 1350 779 existimetur
1386 744 1655 797 oportere:
1698 749 1781 801 pe-

198 835 265 870 ne
301 836 361 871 ac
399 817 443 871 si
481 820 707 870 humana
747 818 981 872 Societas
1021 860 1034 882 ‚
1096 835 1154 872 ut
1185 818 1359 873 Valeat
1395 835 1445 872 et
1488 821 1779 886 coalescat,

199 909 471 983 religionis
516 910 730 964 minime
767 910 999 983 indigeat
1040 911 1293 982 praesidio
1320 952 1334 974 ‚
1378 927 1430 964 et
1468 911 1569 965 sibi
1606 912 1785 967 relicta

201 1001 428 1056 hominis
461 1002 592 1056 ratio
626 1002 755 1057 scite
791 1001 1063 1074 providere
1095 1018 1146 1055 et
1173 1018 1425 1074 praestare
1446 1004 1578 1056 bene
1600 1002 1778 1057 omnia

201 1093 369 1163 possit
409 1134 424 1157 ‚
481 1112 611 1165 quae
649 1093 853 1165 singula
890 1092 944 1146 in
983 1092 1129 1149 civili
1166 1112 1383 1164 corpore
1418 1095 1649 1147 membra
1684 1113 1781 1148 suo

204 1183 305 1237 sibi
343 1181 452 1254 jure
492 1183 694 1256 propria
731 1183 1029 1237 adsciscunt
1051 1224 1066 1246 ‚
1099 1203 1330 1255 quaeque
1363 1184 1500 1237 idem
1534 1187 1597 1237 ab
1641 1203 1773 1237 unoo

202 1294 408 1348 quoque
449 1275 677 1348 ipsorum
712 1275 881 1329 deberi
919 1275 1020 1330 sibi
1063 1275 1339 1330 contendit
1363 1317 1374 1328 .
1421 1275 1579 1330 Absit
1617 1295 1778 1340 ver0,

202 1386 261 1423 ut
300 1384 406 1423 tam
447 1387 601 1439 prave
644 1385 851 1438 tamque
882 1383 1205 1439 praepostere
1245 1386 1349 1421 non
1388 1367 1557 1420 dicam
1590 1366 1782 1420 sentiat

202 1460 602 1515 VICTORlUS
623 1500 638 1523 ‚
681 1458 772 1513 sed
809 1477 872 1512 ne
913 1459 967 1512 id
1002 1460 1289 1530 suspicetur
1319 1457 1529 1530 quidem
1565 1476 1655 1512 aut
1686 1458 1788 1512 fin-

203 1570 325 1627 gat,
370 1551 458 1606 cui
502 1569 801 1623 persuasum
838 1551 1003 1615 foret,
1041 1550 1291 1624 religione
1329 1549 1529 1604 sublata
1562 1589 1576 1613 ‚
1621 1549 1781 1603 fidem

203 1643 458 1717 justitiam
513 1642 850 1699 concordiam
907 1661 1083 1699 veram
1131 1640 1414 1713 quamlibet
1466 1642 1790 1711 solidamque

205 1736 449 1793 virtutem
490 1734 678 1787 frustra
716 1732 851 1787 inter
909 1733 1152 1787 mortales
1198 1730 1473 1786 desiderari
1516 1773 1531 1797 ,
1576 1751 1792 1804 eamque

207 1847 367 1884 unam
427 1825 751 1898 aptissimum
814 1843 926 1880 esse
984 1840 1192 1879 mutuae
1234 1823 1628 1878 necessitudinis
1667 1823 1786 1880 vin-

207 1920 389 1976 culum
431 1960 447 1983 ‚
489 1934 541 1972 et
581 1917 911 1989 praecipuum
947 1916 1212 1972 felicitatis
1255 1932 1364 1970 tum
1401 1914 1633 1987 privatae
1674 1931 1786 1968 tum

209 2009 450 2083 publicae
489 2008 869 2063 firmamentum
898 2051 909 2062 .

371 2099 480 2165 Qui
517 2101 624 2175 ,hoc
665 2099 822 2153 fuerit
862 2099 1037 2153 animo
1078 2117 1199 2153 cum
1240 2100 1406 2152 adhuc
1449 2098 1584 2152 inter
1623 2097 1790 2170 priva·

214 2209 297 2246 tos
327 2206 501 2264 ageret
521 2232 537 2257 ‚
570 2190 758 2263 quique
794 2207 897 2244 tam
928 2190 1277 2262 praesentibus
1304 2191 1370 2243 ad
1406 2193 1535 2244 bene
1574 2209 1788 2263 regnan·

213 2284 338 2337 dum
374 2283 562 2357 opibus
600 2300 652 2337 et
687 2282 1037 2338 incitamentis
1069 2281 1394 2353 adjuvaretur
1435 2323 1450 2346 ,
1489 2281 1791 2336 mirabimur

214 2391 318 2438 ne,
361 2375 504 2446 quod
542 2393 714 2447 regem
755 2373 942 2428 exinde
981 2372 1356 2444 amplissimum
1388 2373 1792 2427 beneficentissi-

215 2482 460 2535 mumque
493 2482 547 2518 se
566 2463 819 2537 gesserit?
861 2462 1160 2518 Mirandum
1179 2462 1311 2518 foret
1327 2462 1500 2535 potius
1522 2505 1538 2527 ,
1577 2462 1782 2535 siquod

215 2555 282 2607 de
326 2555 442 2620 Ioas
481 2554 641 2609 sacris
682 2557 1038 2610 Hebraeorum
1079 2554 1224 2610 fastis
1267 2556 1543 2610 edocemur
1583 2597 1598 2621 ‚
1654 2555 1790 2610 solio

217 2643 414 2715 potitus
449 2660 502 2698 et
537 2661 702 2700 aetate
742 2646 1047 2700 confirmata
1082 2666 1113 2700 a
1144 2646 1355 2719 pristina
1389 2649 1518 2701 bene
1547 2664 1791 2719 tempera-

220 2750 304 2787 tae
332 2732 470 2791 vitae
507 2737 879 2790 consuetudine
913 2753 965 2792 et
992 2738 1187 2809 optime
1219 2739 1281 2792 de
1301 2738 1417 2792 aliis
1439 2738 1666 2793 merendi
1689 2755 1793 2792 stu·

220 2822 311 2878 dio
352 2841 551 2897 praeter
602 2826 836 2882 omnium
877 2829 1294 2902 expectationem
1339 2830 1644 2886 defecisset.
1689 2830 1792 2886 Sed
