2216 3533
996 488 1095 531 sm
1143 459 1211 514 16
1254 489 1352 534 m)

387 574 559 635 viduis
598 574 761 629 nobili
805 595 989 649 genere
1027 574 1347 647 excipiendis
1386 574 1682 649 alendisque
1704 573 1962 630 Matronis

388 656 707 710 destinatas:
751 673 858 710 tum
900 676 1041 710 arces
1083 671 1341 709 extructas
1366 697 1380 719 ‚
1423 673 1577 726 atque
1612 657 1666 710 in
1700 657 1962 712 meliorem

390 751 607 804 formam
646 750 873 803 redactas
897 753 917 801 ἓ
956 748 1091 801 Illud
1114 762 1284 800 tamen
1310 747 1573 817 praeterire
1595 748 1781 802 tacitus
1806 746 1960 800 mini-

388 861 472 895 me
508 859 721 911 possum
743 883 757 904 ,
800 841 939 912 quod
977 841 1041 894 ad
1076 854 1415 892 mercaturam
1445 838 1814 910 expediendam
1844 857 1961 909 pro-

385 933 745 1002 ferendamque
785 931 1048 985 nonnullis
1086 932 1216 983 hanc
1256 949 1490 984 exercere
1521 930 1689 985 solitis
1720 950 1963 1004 magnam

384 1023 581 1096 argenti
622 1023 730 1078 vim
773 1021 967 1076 dederit
1007 1038 1238 1076 mutuam
1274 1062 1289 1086 ‚
1343 1023 1480 1076 unde
1512 1022 1770 1076 maritimo
1815 1043 1960 1077 com-

384 1114 578 1168 mercio
619 1115 841 1167 adaucto
876 1154 891 1178 ,
932 1132 1063 1185 pace
1104 1129 1358 1185 praeterea
1398 1132 1518 1168 cum
1556 1115 1816 1168 Marochii
1859 1115 1960 1168 Re-

385 1226 452 1279 ge
487 1206 779 1278 composita
818 1247 832 1269 ‚
877 1226 994 1260 eum
1033 1204 1249 1260 sortitus
1290 1221 1367 1259 est
1401 1205 1599 1258 exitum
1635 1247 1650 1269 ‚
1701 1222 1759 1258 ut
1799 1225 1957 1262 naves

384 1299 645 1354 onerariae
678 1341 693 1364 ‚
735 1297 906 1371 Regio
942 1298 1279 1351 VICTORII
1314 1296 1529 1350 Vexillo
1569 1296 1850 1349 instructae
1893 1297 1960 1349 ad

389 1391 758 1447 remotiSsimas
784 1431 798 1453 ‚
842 1406 893 1443 et
933 1388 1035 1442 illis
1069 1404 1217 1441 antea
1249 1378 1524 1443 intentatas
1542 1388 1815 1439 Terrarum
1860 1386 1962 1458 pla-

384 1505 474 1560 gas
518 1482 892 1537 transmiserint
912 1522 922 1533 .
949 1479 1095 1544 Quid
1128 1480 1190 1532 de
1223 1480 1415 1532 artibus
1446 1478 1614 1532 dicam
1635 1519 1649 1542 ,
1674 1478 1776 1531 illis
1815 1497 1961 1549 prae-

382 1577 559 1632 sertim
609 1594 740 1647 quae
792 1571 1145 1626 ornatissimae
1186 1569 1638 1640 nobilissimaeque
1677 1584 1960 1640 putantur,

381 1671 445 1724 de
486 1668 687 1739 pictura
726 1663 930 1718 scilicet
971 1664 1232 1732 sculptura
1263 1661 1463 1715 musica
1498 1661 1714 1732 aliisque
1745 1661 1959 1714 minime

378 1758 674 1832 vulgaribus
698 1796 712 1818 ‚
735 1773 863 1826 quae
885 1754 1224 1808 VICTORII
1262 1752 1506 1823 auspiciis
1537 1753 1604 1805 ad
1637 1768 1837 1807 tantum
1871 1754 1959 1806 de-

379 1869 473 1905 cus
510 1865 783 1920 pervenere
823 1886 838 1910 ‚
880 1863 939 1897 ut
977 1845 1157 1898 Italiae
1193 1864 1307 1917 pars
1345 1843 1608 1898 Sardiniae
1648 1845 1789 1918 Regi
1831 1846 1958 1900 sub-

384 1941 517 2014 jecta
552 1939 798 2009 cuiquam
837 1937 934 1990 etsi
966 1936 1358 1990 florentissimae
1389 1935 1548 1990 totius
1571 1937 1806 2009 Europae
1833 1939 1960 1993 Pro-

381 2032 587 2092 vinciae
622 2051 681 2084 ea
715 2031 768 2083 in
806 2049 857 2083 re
895 2028 988 2085 Vix
1030 2029 1322 2086 invideret?

538 2127 649 2190 Iam
692 2123 759 2175 ad
800 2122 990 2193 reliqua
1032 2122 1362 2176 festinantem
1411 2123 1674 2195 intercipit
1708 2123 1959 2195 quodam-

379 2217 537 2271 modo
574 2236 634 2269 ac
671 2231 955 2267 remoratur
978 2214 1311 2286 Agricultura
1333 2255 1348 2278 ,
1390 2214 1478 2267 illa
1508 2214 1720 2286 inquam
1763 2233 1842 2267 ars
1874 2233 1958 2285 pa-

378 2327 493 2362 rens
550 2306 812 2361 societatis
869 2306 1175 2377 populorum
1217 2305 1370 2360 altrix
1421 2322 1730 2361 caeterarum
1772 2306 1954 2360 itidem

378 2398 565 2453 artium
608 2399 851 2452 columen
894 2413 945 2451 et
986 2397 1366 2452 firmamentum
1405 2439 1417 2451 .
1480 2397 1580 2452 Cui
1632 2414 1824 2469 quanta
1866 2416 1956 2469 per

378 2509 498 2543 eum
545 2488 778 2542 accessio
819 2488 961 2542 facta
997 2489 1152 2543 fuerit
1191 2504 1402 2542 testatur
1437 2490 1502 2541 ab
1543 2489 1727 2542 eodem
1761 2488 1955 2543 consti·

381 2598 519 2634 tutus
557 2580 1051 2651 spectatissimorum
1082 2600 1244 2652 aeque
1287 2601 1350 2635 ac
1383 2580 1452 2634 rei
1489 2580 1718 2653 agrariae
1755 2579 1953 2651 peritis·

379 2671 630 2726 simorum
669 2671 935 2724 hominum
975 2689 1183 2735 caetus,
1222 2692 1437 2743 quorum
1474 2688 1604 2725 esset
1633 2670 1841 2726 assiduo
1877 2672 1954 2725 in-

378 2763 576 2835 quirere
599 2804 614 2826 ,
656 2765 868 2817 solerter
899 2766 1181 2834 expendere
1203 2805 1217 2827 ‚
1261 2763 1530 2836 diligenter
1557 2782 1732 2816 curare
1755 2804 1768 2826 ,
1804 2762 1950 2833 quido

377 2855 499 2929 quid
540 2854 640 2910 soli
670 2854 892 2910 ubertati
925 2871 976 2909 et
1014 2854 1218 2929 frugum
1251 2853 1434 2927 copiae
1469 2853 1708 2927 expedire
1741 2852 1950 2924 potissi-2
