2216 3533
1025 529 1122 572 ψη
1166 499 1200 554 6
1242 529 1339 573 m>

388 618 543 674 velim
586 616 656 671 ire
696 616 1004 671 sententiam
1044 658 1059 679 ‚
1117 615 1203 687 qui
1247 613 1526 685 opinantur
1577 612 1856 686 plurimum
1902 630 1969 667 ex

391 710 544 765 avitis
585 711 822 764 laudibus
855 752 869 773 ,
922 730 952 762 a
994 706 1258 781 sanguinis
1299 705 1668 760 communione
1708 705 1764 758 in
1814 708 1968 759 sobo-

388 802 489 853 lem
529 801 743 856 derivari
769 843 780 854 .
823 801 956 854 Satis
990 799 1127 852 enim
1160 815 1293 852 esset
1328 816 1735 852 commemorare
1771 798 1967 853 AMA0

385 892 572 945 DEOS
597 934 611 955 ‚
657 893 1163 946 EMMANUELES
1200 933 1214 954 ‚
1253 891 1482 961 aliosque
1521 931 1536 954 ,
1578 910 1798 962 quorum
1840 891 1957 963 glo·-

382 982 456 1036 ria
498 983 552 1035 in
591 985 856 1037 Sabaudae
898 983 1069 1054 stirpis
1113 982 1308 1035 ditione
1351 983 1675 1052 temperanda
1716 1023 1731 1046 ,
1786 983 1961 1036 rebus«

386 1095 486 1145 que
530 1091 634 1128 tam
673 1096 797 1147 pace
834 1097 985 1147 quam
1033 1075 1168 1128 bello
1211 1074 1464 1144 praeclare
1504 1072 1661 1146 gestis
1699 1072 1963 1127 illustram

383 1168 448 1219 da
497 1168 661 1220 adhuc
703 1167 849 1239 viget
898 1182 951 1219 et
1001 1166 1201 1239 vigebit
1252 1164 1306 1217 in
1358 1180 1614 1217 aeternam
1659 1164 1961 1219 memoriam

383 1259 700 1330 posteritatis
739 1301 750 1312 .
812 1261 925 1332 Ego
966 1278 1093 1314 vero
1132 1278 1253 1312 cum
1295 1255 1450 1309 facile
1494 1256 1663 1328 patior
1706 1254 1960 1325 majorum

382 1349 573 1404 Virtute
611 1350 803 1403 laudari
841 1350 1074 1404 homines
1113 1391 1128 1412 ,
1172 1349 1226 1401 in
1263 1367 1390 1420 quos
1427 1347 1616 1419 quippe
1656 1347 1835 1400 eadem
1879 1347 1959 1400 di-

381 1459 589 1493 manare
627 1441 798 1511 aliqua
839 1459 903 1496 ex
943 1457 1085 1512 parte
1117 1442 1284 1497 Valeat
1324 1461 1336 1494 ε
1379 1456 1486 1494 tum
1526 1439 1655 1492 illud
1693 1439 1958 1512 experien-

381 1534 450 1587 tia
494 1533 624 1586 duce
667 1551 988 1606 compertum
1029 1534 1194 1586 habeo
1237 1575 1251 1596 ,
1305 1532 1473 1588 avitae
1514 1531 1680 1586 laudis
1718 1531 1955 1605 germina

374 1647 481 1681 non
520 1646 632 1680 raro
673 1629 736 1680 ab
781 1626 955 1682 nativa
992 1624 1304 1697 praestantia
1342 1624 1645 1697 degenerare
1689 1664 1701 1676 .
1756 1621 1955 1687 Quam-

372 1737 526 1789 quam
560 1718 684 1789 quid
721 1718 846 1771 mihi
884 1737 1012 1791 opus
1054 1716 1198 1770 for-et
1224 1715 1349 1769 alibi
1395 1730 1696 1788 argumenta
1748 1732 1950 1785 quaere*

372 1830 426 1866 re
453 1851 468 1873 ‚
511 1829 640 1881 quae
685 1810 738 1864 in
781 1810 895 1881 ipso
930 1852 945 1874 ‚
983 1830 1134 1882 quem
1176 1808 1471 1862 laudaturus
1509 1826 1625 1864 sum
1654 1840 1672 1869 2
1708 1805 1952 1878 Principe

370 1903 507 1956 ultro
541 1922 594 1956 se
636 1902 855 1956 offerant
895 1901 1109 1973 plurima
1148 1916 1199 1953 et
1236 1898 1505 1953 maxima?

529 1995 979 2065 Quotiescumque
1021 1990 1454 2046 VICTORIUM
1503 1992 1678 2045 adhuc
1731 2009 1948 2061 puerum

369 2103 457 2140 aut
479 2088 916 2140 adolescentulum
941 2085 1115 2138 recolo
1135 2126 1149 2148 ‚
1192 2084 1455 2136 luculenta
1478 2082 1604 2135 mihi
1642 2081 1695 2135 in
1718 2102 1780 2135 eo
1801 2080 1947 2137 exhi-

367 2180 516 2230 betur
553 2177 728 2249 imago
763 2177 903 2230 illius
943 2176 1042 2232 viri
1080 2174 1388 2238 lectissimi,
1427 2194 1578 2246 quem
1620 2175 1764 2227 Deus
1810 2173 1943 2228 olim

366 2272 432 2322 ad
472 2269 648 2340 populi
682 2269 759 2322 sui
803 2267 1111 2339 praesidium
1150 2309 1164 2330 ‚
1225 2283 1277 2320 et
1313 2266 1541 2338 regimen
1578 2265 1662 2322 vel
1702 2285 1732 2318 a
1771 2263 1942 2335 primo

365 2360 543 2412 aetatis
567 2360 693 2412 flore
727 2362 1008 2432 selegerat.
1032 2357 1175 2411 Nihil
1210 2357 1253 2411 is
1290 2354 1394 2427 jam
1430 2374 1537 2410 tum
1577 2357 1725 2420 leve,
1746 2355 1941 2427 puerile

363 2452 493 2503 nihil
529 2453 843 2521 praeferebat
881 2492 892 2503 .
948 2449 1215 2503 Pascendo
1255 2447 1400 2521 gregi
1439 2467 1468 2499 a
1509 2462 1650 2517 patre
1701 2446 1936 2501 addictus

363 2539 665 2611 impositum
706 2542 803 2594 sibi
842 2560 1025 2594 munus
1058 2541 1264 2594 strenue
1303 2558 1362 2593 ac
1399 2539 1596 2594 naviter
1633 2557 1840 2611 gerere:
1878 2538 1934 2593 in

362 2631 544 2684 castris
585 2632 762 2684 alacris
786 2673 800 2693 9
844 2649 895 2683 et
934 2633 1224 2702 impavidus
1262 2674 1277 2695 ,
1323 2632 1376 2685 in
1413 2632 1528 2684 aula
1571 2632 1831 2686 modestus
1870 2649 1932 2689 ac

362 2739 665 2793 temperatus
688 2764 702 2784 ‚
746 2723 943 2792 parenti
978 2726 1292 2793 obsequens,
1328 2722 1494 2776 Saulis
1532 2723 1674 2780 dicto
1716 2722 1928 2775 audiens

361 2832 711 2883 quaecumque
752 2813 886 2866 ide-m
917 2812 1148 2882 jussisset
1181 2815 1377 2867 mature
1416 2814 1628 2887 aggredi
1670 2833 1731 2867 ac
1771 2813 1923 2868 soler·

364 2918 439 2960 ter
473 2903 717 2973 perficere
752 2925 764 2957 z
826 2907 880 2960 in
919 2904 1060 2958 omni
1103 2904 1309 2959 fortuna
1351 2924 1616 2978 rerumque
1658 2904 1923 2965 vicissitu-
