2216 3533
985 550 1082 592 Ψδ
1128 539 1162 576 ‘2
1203 547 1301 590 W

364 642 591 698 studium
644 657 753 693 non
789 637 959 693 solum
1003 636 1184 689 oculos
1238 634 1546 706 populorum
1601 652 1723 689 suae
1778 652 1929 688 curae

354 730 749 787 commissorum
791 728 846 781 in
885 726 967 781 sui
1003 723 1398 778 admirationem
1439 722 1734 777 inflexerint
1769 764 1784 788 ‚
1837 744 1927 780 ve·-

355 843 468 876 rum
505 821 662 875 etiam
691 818 986 873 eorumdem
1024 815 1226 869 animos
1267 815 1371 869 fide
1411 812 1510 868 sibi
1547 833 1605 867 ac
1648 815 1922 870 observan-

353 915 424 968 tia
480 911 806 968 devinxerint
846 908 1095 982 singulari
1129 949 1142 961 .
1200 909 1281 960 Ita
1322 905 1527 959 scilicet
1565 904 1797 962 universi
1847 924 1925 958 or—

350 1005 430 1059 bis
464 999 944 1074 providentissimus
970 999 1295 1052 Gubernator
1330 995 1556 1051 monitos
1591 995 1801 1067 quidem
1826 997 1925 1050 Re-

348 1114 438 1168 ges
473 1092 641 1149 voluit
663 1134 678 1156 ,
716 1111 780 1144 ne
819 1090 1008 1145 credita
1047 1088 1146 1143 sibi
1180 1102 1432 1159 potestate
1468 1102 1648 1141 contra
1689 1105 1923 1140 commu-

347 1185 429 1239 nis
462 1181 627 1237 officii
665 1200 898 1235 normam
933 1182 1301 1233 abuterentur:
1342 1177 1565 1249 populos
1597 1193 1770 1231 autem
1806 1218 1821 1242 ,
1860 1197 1924 1231 ne

347 1276 462 1346 plus
500 1292 664 1342 aequo
696 1271 1007 1325 blandientis
1049 1270 1371 1342 eloquentiae
1407 1269 1669 1324 lenocinio
1710 1270 1774 1322 ab
1816 1287 1926 1341 per-

351 1364 512 1419 versis
550 1361 848 1416 hominibus
881 1362 995 1433 capi
1034 1381 1087 1416 se
1125 1362 1350 1416 sinerent
1384 1382 1397 1414 z
1439 1381 1559 1415 cum
1601 1376 1925 1432 perspectum

351 1457 594 1508 haberent
634 1453 798 1525 magis
839 1452 939 1506 sibi
981 1452 1252 1506 amandam
1292 1494 1307 1517 ,
1350 1472 1503 1523 quam
1545 1450 1925 1505 formidandam

350 1546 639 1616 potentiam
661 1543 801 1597 illius
823 1543 987 1615 Regis
1013 1584 1026 1606 ,
1062 1542 1150 1614 qui
1173 1562 1278 1595 non
1302 1558 1406 1596 tam
1430 1542 1688 1596 Dominus
1709 1581 1723 1605 ‚
1765 1560 1921 1612 quam

346 1638 499 1691 Pater
538 1636 770 1707 ipsorum
812 1634 1030 1690 utilitati
1074 1635 1330 1689 curandae
1368 1650 1421 1687 et
1454 1634 1771 1688 coercendae
1808 1651 1924 1705 pra-2

348 1746 532 1784 vorum
566 1725 804 1780 licentiae
839 1742 973 1779 esset
1007 1745 1037 1778 a
1075 1726 1192 1778 Deo
1229 1724 1543 1779 constitutus
1571 1765 1585 1777 .

506 1819 684 1888 Neque
719 1835 846 1872 vero
887 1816 1012 1869 mihi
1049 1835 1179 1887 opus
1220 1831 1297 1869 est
1337 1814 1575 1887 singulos
1617 1832 1921 1886 percensere

348 1928 477 1982 quos
515 1908 614 1980 ipsi
652 1922 738 1960 aut
770 1925 876 1959 non
917 1909 1084 1960 multo
1121 1920 1273 1958 antea
1308 1904 1572 1969 Vidimus,
1613 1919 1705 1959 aut
1737 1904 1921 1959 etiam-

350 2020 473 2054 num
513 1998 749 2054 videmus
787 2016 952 2050 rerum
986 2016 1237 2051 summam
1273 1994 1663 2060 administrare,
1702 2012 1754 2050 et
1793 2017 1921 2069 quo-

347 2110 462 2144 rum
503 2088 700 2142 idcirco
737 2105 825 2142 aut
861 2090 1024 2143 adbuc
1064 2087 1207 2161 viget
1248 2087 1486 2141 omnium
1533 2087 1700 2142 infixa
1735 2089 1924 2143 menti-

348 2183 446 2233 bus
495 2179 782 2232 recordatio
819 2220 835 2242 ‚
876 2195 965 2232 aut
1016 2178 1181 2234 aciem
1222 2179 1526 2250 quotidiana
1561 2180 1700 2251 capit
1740 2182 1920 2235 huma-

350 2268 563 2323 nissima
594 2286 646 2322 et
678 2269 1031 2323 liberalissima
1071 2270 1318 2342 regnandi
1351 2270 1485 2323 ratio
1525 2287 1579 2324 et
1605 2270 1877 2343 disciplina
1903 2314 1916 2326 .

350 2362 434 2415 De
473 2359 552 2415 his
588 2359 711 2414 satis
755 2380 847 2431 pro
883 2359 1120 2414 instituto
1153 2379 1270 2414 meo
1307 2381 1337 2414 a
1375 2382 1457 2415 me
1496 2361 1698 2414 dictum
1743 2360 1918 2415 existi-

351 2452 537 2514 mabo‚
575 2449 619 2504 si
654 2470 816 2504 unum
847 2451 1275 2506 VICTORIUM
1309 2452 1704 2508 AMADEUM
1746 2452 1918 2506 nomi-

351 2559 544 2596 navero
567 2581 581 2604 ,
608 2560 711 2593 non
741 2541 812 2594 ita
844 2542 1035 2612 pridem
1068 2561 1095 2595 e
1127 2542 1264 2598 vivis
1300 2542 1594 2614 importuno
1627 2543 1740 2597 fato
1774 2563 1916 2616 prae-

352 2648 549 2703 reptum
588 2673 604 2696 ‚
663 2632 750 2703 qui
789 2634 992 2687 traditas
1044 2633 1142 2687 sibi
1195 2633 1342 2705 patrii
1386 2634 1529 2706 regni
1577 2635 1799 2688 habenas
1840 2634 1914 2689 ita

352 2723 484 2777 rexit
526 2764 541 2786 ‚
597 2739 657 2775 ut
716 2724 947 2797 quamvis
990 2726 1111 2778 satis
1149 2725 1430 2779 etiamdum
1483 2725 1694 2797 vigente
1747 2740 1913 2778 aetate

353 2811 617 2883 arripuerit
653 2854 668 2876 ‚
712 2830 762 2866 et
801 2815 1005 2892 nonnisi
1044 2814 1146 2884 jam
1189 2814 1578 2888 ingravescente
1619 2816 1910 2877 dimiserit;

354 2903 605 2978 dimittere
642 2920 808 2960 tamen
841 2905 1057 2959 omnino
1077 2925 1182 2961 non
1213 2905 1446 2962 debuisse
1479 2906 1777 2964 videbatur.
1799 2906 1913 2961 Me·-
