2216 3533
1008 476 1106 519 ‘m
1150 466 1220 504 20
1262 479 1361 522 tw

389 562 542 633 plane
582 579 657 615 res
695 560 1070 618 inclinaverant
1110 604 1126 626 ‚
1166 563 1258 616 ubi
1296 562 1390 619 vix
1431 564 1650 619 consilio
1687 569 1970 624 necessitas

390 653 569 706 locum
608 653 911 725 relinqueret
952 695 964 706 .
1012 653 1117 708 His
1160 654 1453 725 implicatus
1492 673 1543 710 et
1578 656 1968 715 circumventus

389 743 639 817 angustiis
681 744 1010 815 pacatissimo
1033 747 1149 799 Rex
1186 746 1400 817 ingenio
1438 748 1493 800 in
1535 749 1689 803 armis
1733 771 1886 822 opem
1916 769 1968 806 et

387 834 698 907 praesidium
720 837 786 888 ad
816 855 931 889 suas
965 836 1197 908 regiones
1239 839 1474 892 tutandas
1506 858 1745 910 quaerere
1782 841 1969 912 impel-

388 927 542 981 litur.
588 928 817 980 Incertae
852 927 1156 998 praeliorum
1196 927 1579 984 vicissitudines
1605 972 1619 994 ‚
1643 931 1965 988 adversario-

390 1040 501 1074 rum
535 1019 588 1072 in
627 1019 905 1090 pugnando
945 1018 1094 1071 ardor
1127 1034 1178 1072 et
1214 1020 1492 1090 pertinacia
1516 1062 1530 1085 ‚
1561 1021 1789 1095 maligna
1812 1043 1969 1094 quae-

390 1113 509 1165 dam
546 1111 780 1164 intestini
813 1110 1011 1164 dissidii
1048 1127 1101 1164 et
1140 1111 1443 1166 defectionis
1476 1113 1704 1186 germina
1737 1117 1970 1169 nondum

389 1203 606 1257 fortasse
646 1202 877 1256 funditus
919 1202 1170 1274 extirpata
1193 1243 1208 1266 ,
1251 1203 1489 1274 publicae
1524 1204 1853 1276 privataeque
1886 1225 1972 1259 su·-

387 1293 676 1365 perioribus
719 1292 1065 1347 incommodis
1107 1293 1413 1347 imminutae
1435 1294 1570 1350 vires
1601 1296 1759 1347 ardua
1790 1297 1969 1350 omnia

390 1402 442 1439 et
464 1386 716 1439 salebrosa
737 1386 1110 1438 ostendebant:
1153 1404 1259 1438 non
1301 1406 1361 1439 ea
1398 1401 1572 1440 tamen
1614 1403 1757 1440 erant
1779 1429 1793 1452 ‚
1835 1407 1971 1460 quae

387 1477 547 1550 Regis
603 1476 1010 1530 constantissimi
1070 1477 1302 1548 frangere
1342 1491 1433 1529 aut
1475 1476 1694 1531 deiicere
1734 1478 1974 1533 animum

390 1587 602 1642 possent
625 1610 636 1620 .
683 1571 818 1622 Cum
857 1567 1016 1640 igitur
1043 1567 1258 1639 ancipiti
1289 1567 1344 1621 in
1366 1570 1722 1622 concertando
1763 1588 1868 1622 non
1892 1590 1972 1624 se·

390 1661 494 1713 mel
532 1678 654 1714 usus
696 1676 829 1713 esset
858 1659 1064 1711 fortuna
1083 1700 1096 1722 ‚
1142 1659 1393 1712 nonnulla
1415 1659 1578 1714 etiam
1606 1660 1862 1714 interdum
1886 1663 1974 1715 de-

392 1753 630 1806 trimenta
672 1767 805 1805 esset
839 1768 1016 1821 passus
1040 1791 1055 1813 ,
1097 1768 1358 1821 nunquam
1410 1766 1581 1805 tamen
1623 1753 1687 1804 ab
1729 1751 1974 1824 incoepto

390 1844 588 1899 destitit
626 1864 643 1905 3
686 1860 736 1896 et
777 1842 899 1897 licet
937 1841 1158 1895 assiduis
1199 1841 1371 1912 eisque
1413 1841 1789 1896 molestissimis
1835 1843 1974 1897 curis

391 1935 753 2004 laboribusque
791 1933 993 1986 attritus
1030 1973 1044 1996 ‚
1083 1949 1135 1985 et
1177 1932 1391 1988 adversa
1429 1933 1634 1987 demum
1675 1934 1974 1989 valetudine

391 2027 686 2082 debilitatus
711 2067 726 2088 ,
763 2025 1025 2097 ingentem
1061 2023 1180 2077 belli
1217 2024 1405 2078 molem
1438 2023 1718 2096 intrepidus
1753 2039 1973 2096 quatuor

393 2139 552 2194 prope
589 2136 755 2171 annos
793 2116 1066 2170 sustinuit.

551 2209 770 2265 Utinam
814 2207 1137 2262 constantiae
1181 2227 1302 2262 suae
1343 2208 1521 2261 uberes
1562 2206 1681 2262 illos
1719 2206 1975 2279 percepis-

390 2320 469 2359 set
503 2305 698 2357 fructus
740 2341 756 2365 ,
796 2319 927 2372 quos
982 2299 1150 2353 omnis
1194 2301 1398 2369 Europa
1431 2301 1664 2371 sperabat
1705 2316 1975 2372 perceptu·

388 2412 501 2448 rum
525 2435 539 2460 ,
582 2392 805 2463 bonique
838 2410 1018 2444 omnes
1056 2389 1154 2443 sibi
1195 2391 1526 2444 Vehementer
1562 2392 1810 2461 optabant
1849 2432 1864 2453 ‚
1908 2391 1976 2445 ei-

394 2504 494 2554 que
534 2483 671 2540 Votis
710 2482 1071 2536 communibus
1117 2480 1484 2534 ominabantur
1508 2522 1519 2533 .
1566 2482 1666 2533 Sed
1706 2481 1851 2534 aliter
1898 2483 1975 2536 illi

393 2574 563 2631 visum
602 2591 679 2628 est
702 2615 716 2637 ‚
757 2573 844 2644 qui
882 2574 1185 2643 populorum
1231 2590 1508 2644 regumque
1548 2587 1709 2626 sortes
1743 2592 1809 2626 ex
1846 2573 1975 2626 arbi-

396 2669 495 2720 trio
533 2666 820 2719 moderatur
861 2684 920 2717 ac
965 2682 1134 2720 versat
1160 2684 1170 2715 :
1195 2662 1338 2733 cujus
1373 2663 1588 2735 imperio
1626 2682 1703 2717 res
1745 2664 1975 2720 serviunt

395 2772 548 2827 atque
590 2757 946 2826 obtemperant
967 2774 1143 2808 omnes
1166 2773 1485 2825 quacumque
1516 2754 1655 2808 orbis
1687 2771 1823 2825 patet
1859 2754 1974 2808 uni-

395 2866 570 2906 versus
610 2866 622 2902 :
663 2844 809 2918 cujus
850 2845 1108 2905 voluntati
1145 2865 1202 2901 ac
1236 2845 1590 2918 providentiae
1631 2843 1779 2919 probi
1817 2847 1973 2899 hone-
