2216 3533
836 461 932 501 (πῆ
975 450 1042 506 23
1090 465 1188 507 ew

236 569 338 606 tam
401 568 576 603 eorum
634 548 1048 603 incolumitatem
1102 566 1155 603 et
1205 565 1383 621 pacem
1436 547 1647 606 incertis
1688 551 1812 606 belli

232 639 461 694 motibus
499 656 551 694 et
587 640 827 712 periculis
871 641 1026 695 etiam
1057 661 1172 696 cum
1197 642 1428 713 quolibet
1456 640 1581 712 juris
1620 661 1802 698 aucto-

233 731 496 803 ritatisque
553 732 705 806 regiae
763 734 1072 788 detrimento
1130 734 1506 806 praeferendam
1555 755 1664 790 esse
1719 738 1808 790 de-

235 824 438 886 crevit;
479 825 552 878 sic
596 824 818 881 Davidis
855 825 1040 897 pariter
1081 825 1529 897 aequanimitatem
1572 843 1623 880 et
1664 847 1809 881 man-

235 914 558 969 suetudinem
592 918 916 981 aemulatUS,
959 917 1049 988 qui
1093 936 1213 972 cum
1256 937 1432 972 secum
1475 920 1684 972 haberet
1726 919 1812 972 de-

235 1007 424 1062 lectam
462 1023 773 1063 armatorum
815 1029 1024 1063 manum
1072 1027 1298 1064 extrema
1338 1030 1565 1082 quaeque
1617 1029 1709 1081 pro
1749 1029 1814 1062 eo

234 1098 452 1170 experiri
500 1099 870 1171 paratissimam
911 1143 927 1165 ,
981 1101 1164 1155 maluit
1201 1121 1231 1153 a
1268 1101 1440 1174 Regni
1477 1103 1606 1155 Sede
1645 1102 1813 1173 profu-

233 1210 329 1264 gus
372 1208 422 1245 et
459 1192 675 1247 extorris
714 1193 980 1265 proficisci
1011 1235 1026 1257 ‚
1076 1214 1229 1266 quam
1271 1194 1405 1247 fidos
1456 1192 1686 1264 corporis
1729 1191 1812 1246 sui

234 1287 476 1339 custodes
514 1303 823 1358 omnemque
865 1285 1130 1342 civitatem
1171 1285 1225 1339 in
1267 1301 1502 1356 apertum
1534 1283 1813 1338 discrimen

232 1377 521 1432 adducere.
569 1380 628 1431 In
661 1379 792 1431 hanc
830 1397 985 1449 porro
1007 1378 1256 1448 Princeps
1290 1376 1710 1449 religiosissimus
1751 1394 1816 1428 eo

232 1469 438 1527 facilius
477 1469 713 1524 discessit
754 1469 1060 1523 sententiam
1084 1511 1098 1533 ,
1135 1489 1239 1540 quo
1273 1466 1439 1539 magis
1482 1468 1815 1538 exploratum

232 1563 449 1615 habebat
490 1580 841 1633 quaecumque
878 1561 1063 1616 misera
1083 1576 1234 1632 atque
1257 1560 1471 1615 adversa
1502 1560 1668 1612 adhuc
1697 1577 1813 1614 eve-

233 1670 453 1718 nerant,
497 1669 639 1707 certo
676 1652 779 1706 Dei
816 1669 946 1706 nutu
984 1668 1034 1706 et
1075 1650 1296 1706 consilio
1336 1648 1573 1706 evenisse
1614 1647 1813 1719 aequis-

232 1746 391 1801 simas
435 1765 466 1798 a
512 1744 818 1799 mortalibus
863 1743 1144 1816 impietatis
1201 1758 1252 1796 et
1303 1740 1562 1812 nequitiae
1618 1757 1815 1811 poenas

234 1839 523 1911 expetentis
546 1879 560 1902 ‚
606 1835 752 1908 cujus
776 1836 913 1891 idem
934 1835 1146 1890 arbitrio
1177 1831 1449 1890 Israelitici
1483 1830 1618 1905 regis
1641 1849 1815 1885 exem=

234 1933 323 2003 plo
366 1951 420 1985 se
461 1950 520 1984 ac
555 1951 647 1985 sua
680 1929 855 1984 omnia
891 1929 1170 1985 devoverat
1191 1969 1202 1981 .

393 2024 591 2077 Mirum
632 2022 725 2076 tibi
762 2023 976 2076 fortasse
1011 2021 1181 2078 visum
1224 2019 1291 2074 sit
1329 2060 1344 2083 ,
1381 2012 1814 2071 BEATISSIME

235 2116 487 2170 PATER
522 2156 537 2179 ,
595 2115 734 2186 quod
774 2116 836 2167 de
875 2112 1313 2185 praestantissimo
1356 2106 1637 2164 Christiani
1672 2106 1817 2160 Prin-

238 2210 370 2281 cipis
411 2210 592 2263 decore
616 2250 629 2272 ,
669 2205 1089 2276 validissimoque
1117 2202 1211 2258 rite
1230 2221 1289 2257 ac
1315 2201 1569 2272 sapienter
1599 2216 1816 2271 regnan-

237 2300 289 2353 di
328 2299 581 2371 praesidio
618 2315 769 2369 atque
788 2295 1087 2368 adjumento
1107 2295 1293 2367 pietate
1312 2292 1559 2350 Videlicet
1593 2290 1646 2343 in
1680 2309 1814 2343 sum-

237 2412 382 2449 mum
417 2390 645 2447 universi.
687 2388 843 2444 Orbis
876 2387 1277 2443 Dominatorem
1316 2399 1367 2436 et
1389 2381 1688 2436 Catholicae
1710 2380 1814 2433 Re-

237 2480 447 2554 ligionis
481 2481 652 2536 studio
693 2479 787 2537 Vix
825 2478 1106 2549 quidquam
1144 2476 1310 2528 adhuc
1341 2471 1601 2546 attigerim
1622 2512 1633 2524 .
1659 2470 1813 2535 Quae

239 2594 341 2648 ego
382 2572 588 2645 quidem
636 2573 702 2626 ad
741 2586 1026 2626 extremam
1067 2565 1319 2621 orationis
1380 2580 1575 2636 partem
1634 2561 1815 2616 censui

239 2664 547 2719 reservanda
588 2705 603 2727 ‚
644 2682 747 2716 non
784 2661 923 2733 quod
963 2675 1054 2714 aut
1095 2659 1226 2712 inter
1267 2657 1430 2732 regias
1464 2657 1609 2709 dotes
1650 2653 1813 2709 levio-

241 2755 308 2809 ris
353 2775 462 2809 esse
498 2754 740 2825 ponderis
776 2751 1116 2823 judicaverim
1160 2793 1174 2815 ‚
1237 2767 1326 2803 aut
1366 2749 1538 2803 minus
1576 2743 1810 2800 fortassis

241 2865 393 2917 quam
434 2861 657 2901 caeteras
679 2844 1037 2901 VICTORIO
1075 2841 1354 2902 convenire
1377 2882 1391 2907 ‚
1429 2841 1518 2895 sed
1539 2854 1596 2894 ut
1618 2857 1682 2895 ex
1704 2836 1807 2899 clas
