2216 3533
971 468 1027 525 V

221 620 412 662 nuare
453 620 734 687 unquam
756 598 962 684 potuit
988 646 1006 674 ,
1031 617 1278 685 quaque
1310 591 1548 657 factum
1575 611 1667 656 est
1695 642 1712 671 ,
1732 610 1804 656 ut

222 737 384 801 quae
430 714 754 776 communi
787 712 958 774 bono
1004 732 1410 796 cognosceres
1457 706 1745 794 expedire
1777 755 1796 784 ‚

226 827 724 915 christianaeque
777 824 1185 911 Reipublicae
1252 823 1549 885 columen
1593 837 1655 881 et
1704 821 1800 880 in-

228 958 626 1006 crementum
665 956 948 1027 spectare
987 956 1231 1002 mature
1278 938 1485 999 omnia
1516 932 1803 1021 provide-

227 1058 309 1118 ris
349 1073 412 1118 et
455 1056 739 1142 apprime
790 1051 1125 1143 perfeceris
1158 1101 1170 1113 .
1222 1057 1353 1137 Ego
1379 1073 1528 1113 vero
1557 1072 1630 1110 eo
1657 1045 1805 1110 Tibi

225 1191 328 1232 me
375 1168 513 1256 plus
563 1166 791 1229 debere
833 1165 1248 1242 existimab03
1302 1187 1427 1251 quo
1478 1163 1686 1225 minus
1737 1160 1808 1221 in

226 1306 328 1345 me
382 1306 516 1346 esse
566 1279 882 1344 facultatis
932 1299 1308 1366 perspexero
1370 1274 1447 1337 ad
1517 1270 1803 1360 quamvis

228 1397 560 1458 minimam
607 1394 964 1482 promeritis
1010 1393 1164 1455 Tuis
1212 1389 1474 1475 gratiam
1521 1382 1801 1447 referen-

229 1507 374 1570 dam
404 1556 416 1569 .
445 1507 604 1570 Illud
630 1525 955 1595 praeterea
981 1504 1135 1567 mihi
1168 1503 1641 1590 optatissimum
1681 1518 1808 1559 ma-

230 1622 523 1708 ximeque
549 1637 979 1708 opportunum
1006 1618 1190 1680 video
1218 1618 1610 1701 contingere,
1636 1607 1813 1700 quod

229 1749 423 1794 tenue
467 1732 584 1815 hoc
627 1734 914 1819 ingenii,
967 1750 1033 1794 et
1071 1713 1430 1816 diligentiae
1463 1749 1641 1789 meae
1669 1747 1810 1812 spe-

237 1847 449 1907 cimen
501 1869 705 1934 aequo
753 1851 845 1909 Te
887 1848 1099 1908 animo
1165 1860 1582 1930 excepturum
1635 1855 1813 1901 certo

236 1959 368 2019 scio
422 2005 439 2034 ‚
508 1959 744 2045 quippe
793 1958 961 2047 quod
1012 1975 1602 2046 quantumcumque
1653 1970 1749 2016 est
1795 1970 1819 2029 ,⁴

239 2067 365 2131 dici
403 2069 742 2158 haberique
788 2094 933 2133 vere
968 2088 1179 2157 potest
1205 2074 1417 2135 Tuum
1448 2114 1462 2130 .
1512 2073 1820 2130 Attamen

239 2200 335 2246 tot
378 2183 528 2247 licet
570 2186 889 2274 tantisque
941 2185 1318 2248 clementiae
1367 2187 1542 2247 Tuae
1595 2201 1820 2243 monu-

241 2297 471 2358 mentis
522 2315 743 2360 auctus
797 2347 816 2377 ,
866 2316 929 2361 et
974 2298 1328 2362 cumulatus
1377 2295 1614 2385 aliquid
1662 2293 1819 2356 mihi

245 2411 674 2476 animadverto
713 2416 781 2477 in
829 2433 1153 2502 posterum
1197 2410 1680 2477 desiderandum
1713 2431 1821 2471 su-

243 2545 495 2610 peresse
541 2574 560 2604 ‚
630 2544 701 2589 ut
749 2527 1043 2590 videlicet
1090 2527 1284 2591 talem
1339 2549 1440 2589 me
1482 2520 1819 2612 aliquando

247 2655 560 2723 praestare
610 2639 851 2705 valeam
879 2690 897 2719 ‚
945 2641 1196 2730 qualem
1233 2644 1335 2704 Tu
1376 2635 1703 2701 beneficiis
1753 2630 1823 2693 1'n

250 2773 352 2812 me
392 2751 784 2818 conferendis
832 2780 964 2819 esse
1010 2756 1265 2819 voluisti
1297 2804 1309 2817 .
1357 2754 1427 2816 Id
1461 2751 1655 2815 ferme
1686 2765 1780 2810 est
1805 2764 1826 2823 ‚'

256 2863 424 2950 quod
464 2863 588 2951 jam
636 2889 801 2930 nunc
830 2917 848 2946 ,
888 2887 950 2931 et
992 2869 1397 2932 vehementer
1441 2881 1667 2952 exopto
1696 2911 1714 2941 ,
1761 2877 1825 2922 et

1228 2968 1245 2985 *
1296 2980 1319 3013 4
