2216 3533
844 434 942 476 sm
991 425 1052 477 17
1099 435 1198 476 ὢν

235 538 377 580 mum
418 522 711 580 videretur.
762 523 1036 575 Caeterum
1076 541 1195 575 cum
1232 519 1357 573 mihi
1397 518 1718 590 propositum
1757 517 1826 572 sit

234 617 300 669 de
335 616 480 687 Rege
527 616 626 668 hoc
666 615 784 667 loco
823 614 991 667 dicere
1022 655 1036 677 ‚
1075 613 1231 668 video
1273 613 1437 666 multa
1483 611 1826 665 VICTORII

236 709 422 763 decora
476 707 562 761 vel
603 726 810 777 prorsus
852 705 1301 776 praetermittenda
1340 706 1425 760 vel
1461 704 1642 759 leviter
1682 722 1827 776 prae-

238 798 537 871 stringenda
583 840 598 861 ‚
634 797 986 870 frugalitatem
1027 796 1337 850 modestiam
1378 795 1697 850 facilitatem*
1726 797 1825 850 eis-

239 910 337 962 que
377 890 565 944 similia
589 931 603 953 ‚
642 890 828 960 quibus
859 887 1059 960 privata
1097 905 1238 942 caste
1273 907 1333 942 ac
1369 902 1706 961 temperanter
1744 888 1828 942 vi-

240 981 397 1037 vendi
439 982 570 1036 ratio
607 981 704 1034 niti
737 981 1014 1053 plurimum
1047 981 1182 1034 solet
1213 1000 1272 1035 ac
1305 980 1693 1035 commendari.
1719 981 1830 1034 Ve-

240 1091 354 1127 rum
387 1072 553 1145 aliqua
591 1075 714 1126 haec
751 1073 881 1125 inter
924 1090 1240 1138 occurrunt,
1282 1093 1413 1144 quae
1446 1073 1591 1145 quasi
1631 1092 1829 1146 cogna-

242 1163 384 1217 tione
421 1165 636 1236 quadam
675 1183 794 1217 cum
837 1164 981 1236 regio
1019 1185 1230 1219 munere
1267 1183 1318 1220 et
1359 1183 1610 1236 potestate
1653 1165 1824 1220 conti-

241 1271 431 1310 nentur
462 1299 476 1321 ‚
514 1275 574 1310 ut
614 1257 829 1310 alterum
876 1277 942 1310 ex
978 1258 1138 1311 altero
1176 1257 1257 1312 fas
1299 1257 1366 1312 sit
1407 1257 1595 1311 oratori
1641 1276 1822 1330 argue·

242 1367 295 1402 re
336 1366 386 1401 et
427 1347 737 1402 confirmare
778 1368 790 1400 :
845 1346 1136 1418 cujusmodi
1173 1348 1413 1422 conjugis
1457 1350 1730 1421 praecipue
1775 1365 1829 1404 et

239 1440 464 1513 parentis
494 1460 604 1496 esse
625 1439 802 1495 officia
835 1458 1112 1513 curamque
1149 1442 1220 1495 rei
1256 1440 1523 1496 familiaris
1558 1459 1712 1494 nemo
1749 1439 1832 1493 in-

243 1533 445 1588 ficietur
478 1575 489 1586 .
544 1535 662 1586 Hoc
702 1549 839 1586 certe
873 1534 1081 1589 nomine
1122 1534 1262 1605 apud
1302 1535 1576 1587 Caesarem
1619 1534 1829 1588 laudare

242 1645 351 1680 non
398 1624 657 1682 dubitavit
697 1644 870 1697 regem
913 1624 1218 1678 Deiotarum
1274 1644 1515 1678 romanae
1565 1625 1817 1695 eloquen-

243 1717 347 1771 tiae
381 1716 673 1787 Princeps;
712 1718 1020 1789 eosdemque
1047 1716 1174 1771 olim
1206 1716 1411 1771 habitos
1451 1716 1614 1771 fuisse
1649 1735 1831 1790 regen-

244 1811 341 1863 dae
372 1808 688 1862 multitudini
728 1807 954 1863 maxime
994 1809 1210 1864 idoneos
1232 1850 1247 1874 ‚
1284 1809 1374 1881 qui
1409 1808 1592 1881 optimi
1631 1826 1832 1881 patres-

247 1899 468 1954 familias
509 1901 816 1954 haberentur
852 1916 903 1954 et
943 1900 1143 1965 forent,
1185 1903 1374 1974 quique
1415 1901 1550 1975 agris
1593 1901 1827 1957 colendis

248 1992 619 2065 pascendisque
652 1991 893 2064 gregibus
931 2012 1137 2064 operam
1174 2009 1262 2045 aut
1297 1992 1625 2065 diligentiam
1665 1992 1835 2047 inten-

246 2083 448 2138 dissent
469 2126 483 2148 ‚
525 2100 697 2140 vetera
726 2103 896 2138 sacrae
925 2081 1070 2154 juxta
1103 2102 1164 2136 ac
1194 2083 1434 2155 profanae
1453 2083 1694 2138 historiae
1717 2103 1834 2137 mo-

252 2195 503 2233 numenta
540 2177 792 2233 evincunt
833 2177 1151 2249 apertissime
1193 2218 1205 2229 .
1268 2175 1417 2240 Quae
1455 2195 1575 2230 cum
1616 2175 1689 2229 ita
1730 2176 1836 2230 sint

254 2270 366 2341 quis
402 2269 526 2323 mihi
563 2269 669 2341 jure
705 2284 1044 2332 succenseat,
1081 2268 1125 2322 si
1146 2268 1580 2323 VICTORIUM
1621 2266 1837 2321 efferen-

253 2364 378 2416 dum
416 2379 591 2434 putem
624 2382 691 2416 ex
726 2362 927 2417 sincero
963 2361 1122 2415 animi
1154 2361 1343 2415 affectu
1386 2375 1438 2413 et
1472 2359 1795 2433 indulgentia
1818 2401 1834 2424 ‚

255 2473 357 2526 qua
392 2454 585 2527 regiam
622 2456 856 2510 Uxorem
899 2470 975 2508 est
1013 2468 1358 2525 prosecutus;
1403 2467 1511 2504 tum
1553 2470 1620 2505 ex
1661 2450 1836 2505 studio

257 2545 313 2599 in
354 2546 532 2617 primis
570 2562 622 2602 et
663 2545 869 2600 solertia
904 2545 1194 2618 singulari,
1232 2563 1331 2616 qua
1371 2544 1437 2597 ad
1477 2543 1665 2597 liberos
1708 2544 1839 2597 bene

258 2635 598 2708 religioseque
635 2637 928 2691 educandos
967 2655 1166 2708 semper
1198 2635 1474 2690 incubuit?
1514 2637 1573 2688 In
1595 2654 1700 2706 quo
1724 2655 1836 2706 pro-

259 2729 398 2782 fecto
439 2728 598 2801 Regis
640 2730 750 2783 laus
783 2749 846 2782 eo
883 2728 1048 2801 magis
1092 2729 1258 2782 elucet
1296 2769 1311 2792 ,
1350 2729 1492 2798 quod
1524 2726 1578 2779 in
1621 2725 1694 2779 eis
1731 2726 1835 2778 for-

260 2819 459 2874 mandis
502 2818 644 2892 regni
679 2818 778 2874 sibi
813 2820 1048 2876 haeredes
1081 2835 1132 2874 et
1170 2837 1497 2874 successores
1541 2836 1595 2872 se
1637 2835 1690 2871 se
1729 2817 1833 2870 for-

1230 2907 1291 2945 *t
1345 2918 1360 2953 5
