2216 3533
1008 477 1107 520 <m
1150 467 1224 504 22
1267 480 1365 523 ew

394 564 598 618 Saulem
641 563 949 619 israeliticae
990 565 1132 638 genti
1184 567 1301 620 Deo
1338 580 1546 619 auctore
1585 566 1970 638 praepositum,

392 657 478 728 qui
512 677 667 729 quam
706 673 943 712 strenuus
985 658 1082 711 fuit
1133 657 1187 711 in
1227 657 1599 712 teterrimorum
1629 659 1856 712 hostium
1899 679 1975 712 re-=

392 750 656 803 tundenda
710 750 920 803 audacia
962 766 1013 803 et
1053 748 1269 803 militiae
1323 749 1585 804 laboribus
1637 749 1976 821 periculisque

391 841 641 895 obeundis
660 882 675 904 ‚
712 859 816 894 tam
853 842 1038 894 fortem
1064 860 1123 895 ac
1149 857 1481 913 temperatum
1516 860 1569 895 se
1592 840 1825 911 praebuit
1854 861 1973 894 cum

389 952 480 1004 per
519 932 854 1005 ingratissimi
896 933 994 987 filii
1033 933 1370 988 ambitionem
1419 949 1471 986 et
1503 935 1672 988 scelus
1712 933 1974 988 concitata

390 1023 446 1077 in
484 1044 601 1078 eum
658 1023 992 1077 multitudine
1048 1024 1250 1079 subitae
1289 1026 1443 1097 fugae
1483 1026 1850 1080 acerbissimos
1892 1045 1974 1079 ca-

391 1134 480 1170 sus
517 1114 971 1186 atrocissimasque
1010 1134 1220 1169 suorum
1255 1115 1466 1187 injurias
1488 1117 1780 1189 impavidus
1807 1118 1966 1173 devo-

393 1205 566 1268 ravit;
607 1207 660 1259 in
694 1226 914 1277 quorum
948 1206 1149 1261 scilicet
1186 1208 1239 1265 Vi
1282 1225 1333 1262 et
1373 1209 1693 1280 impudentia
1733 1209 1975 1263 ultricem

397 1297 500 1351 Dei
538 1299 798 1352 dexteram
840 1298 939 1352 sibi
976 1299 1352 1371 inspiciendam
1396 1301 1691 1355 statuisset.

553 1389 773 1460 Aliquot
811 1389 912 1460 jam
936 1391 1141 1461 praeliis
1181 1391 1465 1462 superiores
1488 1391 1826 1448 discesserant
1849 1394 1976 1449 Gal-

395 1481 470 1544 li,
494 1501 700 1546 rumor,
743 1498 800 1534 ut
822 1482 884 1535 fit
921 1524 935 1546 ‚
978 1483 1280 1537 inclinatam
1322 1484 1387 1536 ad
1426 1503 1514 1538 eos
1550 1485 1669 1538 belli
1709 1485 1975 1540 fortunam

390 1590 587 1645 praeter
607 1572 877 1629 veritatem
900 1574 1304 1646 amplificaverat
1335 1591 1485 1647 atque
1515 1575 1854 1648 improvisum
1878 1578 1978 1631 flu-

395 1664 696 1718 ctuantibus
731 1665 946 1736 Populis
984 1683 1179 1719 metum
1220 1665 1500 1737 injecerat.
1558 1672 1685 1736 Quo
1726 1670 1846 1724 loco
1887 1689 1966 1725 res

394 1774 504 1810 sese
545 1756 920 1828 habeantRegi
944 1757 1219 1813 nunciatur
1241 1800 1252 1812 .
1297 1760 1348 1813 Is
1389 1778 1600 1831 propere
1633 1778 1820 1816 coacto
1855 1782 1974 1834 pro-

394 1866 568 1901 cerum
623 1846 852 1901 concilio
894 1888 909 1911 ,
963 1848 1087 1919 quid
1143 1849 1198 1902 in
1240 1866 1343 1903 tam
1384 1851 1636 1922 praesenti
1680 1852 1978 1909 discrimine

395 1939 652 2009 optimum
694 1940 837 1993 factu
874 1940 941 1993 sit
979 1940 1249 2013 diligenter
1289 1942 1501 2013 inquirit
1545 1983 1557 1995 .
1601 1943 1742 1996 Hinc
1783 1946 1973 2016 praesi-

399 2030 484 2083 dia
517 2032 743 2084 subeunt
765 2072 777 2084 .
805 2071 815 2084 .
847 2072 858 2084 .
886 2072 897 2084 .
920 2031 1066 2096 Quid
1086 2032 1271 2102 plura?
1328 2034 1388 2086 Id
1419 2033 1555 2088 enim
1589 2050 1698 2088 tum
1721 2035 1973 2106 praestitit

396 2121 824 2193 prudentissimus
860 2123 1012 2186 Rex,
1055 2125 1195 2194 quod
1231 2124 1332 2178 sibi
1371 2144 1461 2196 pro
1502 2129 1710 2180 suorum
1752 2127 1978 2199 populo-

397 2232 510 2265 rum
548 2211 908 2266 incolumitate
952 2215 1311 2284 praestandum
1352 2234 1462 2270 esse
1495 2217 1646 2270 duxit
1688 2259 1700 2270 .
1761 2219 1848 2273 Ad
1885 2239 1976 2272 au-

396 2304 621 2356 dendum
663 2303 867 2357 scilicet
906 2306 1201 2358 hortabatur
1222 2307 1655 2363 VICTORIUM
1696 2310 1881 2383 regalis
1905 2310 1978 2364 div

399 2393 608 2467 gustas,
652 2394 775 2458 cui,
815 2394 858 2448 si
902 2397 1104 2450 cederet
1141 2416 1246 2450 non
1281 2399 1447 2453 levem
1480 2399 1669 2454 instare
1711 2401 1876 2455 labem
1920 2418 1973 2455 et

397 2485 679 2557 perniciem
719 2505 890 2556 posset
932 2489 1226 2559 praevidere
1249 2529 1262 2542 .
1304 2489 1637 2543 Subditorum
1659 2492 1792 2544 salus
1815 2509 1865 2545 et
1897 2493 1978 2548 via

403 2594 455 2631 ta
490 2579 737 2649 agebatur
783 2619 798 2641 ,
840 2598 966 2648 quae
1004 2579 1058 2632 in
1096 2599 1258 2635 novas
1292 2581 1424 2633 foret
1461 2582 1630 2635 clades
1688 2583 1977 2636 necessario

396 2668 691 2723 obiicienda
714 2710 728 2732 ‚
768 2669 811 2723 si
853 2670 965 2723 acie
1001 2673 1268 2725 decernere
1290 2670 1562 2725 institisset
1587 2712 1599 2724 .
1624 2672 1772 2726 Vicit
1803 2673 1857 2725 in
1880 2673 1977 2726 mie·

398 2759 602 2813 tissimo
623 2759 863 2830 Principe
891 2802 905 2823 ‚
939 2761 1025 2831 qui
1067 2782 1097 2814 a
1134 2763 1292 2815 caede
1332 2779 1382 2815 et
1418 2763 1671 2835 sanguine
1705 2766 1977 2819 vehemeffi

401 2867 477 2908 ter
517 2853 805 2909 abhorreret
844 2892 859 2916 ‚
904 2851 1035 2909 vicit
1071 2872 1281 2909 suorum
1325 2873 1468 2910 amor
1505 2872 1554 2910 et
1594 2854 1754 2926 pietas
1796 2894 1809 2909 .
1852 2855 1975 2910 Cer<-
