<?xml version="1.0" encoding="UTF-8"?>
<!DOCTYPE html PUBLIC "-//W3C//DTD XHTML 1.0 Transitional//EN"
    "http://www.w3.org/TR/xhtml1/DTD/xhtml1-transitional.dtd">
<html xmlns="http://www.w3.org/1999/xhtml" xml:lang="en" lang="en">
 <head>
  <title>
</title>
<meta http-equiv="Content-Type" content="text/html;charset=utf-8" />
  <meta name='ocr-system' content='tesseract 3.04.00' />
  <meta name='ocr-capabilities' content='ocr_page ocr_carea ocr_par ocr_line ocrx_word'/>
</head>
<body>
  <div class='ocr_page' id='page_1' title='image "./infunerevictorii00picc/infunerevictorii00picc_0025.png"; bbox 0 0 2216 3533; ppageno 0'>
   <div class='ocr_carea' id='block_1_1' title="bbox 172 461 1814 2828">
    <p class='ocr_par' dir='ltr' id='par_1_1' title="bbox 221 461 1814 889">
     <span class='ocr_line' id='line_1_1' title="bbox 839 461 1194 514; baseline 0.008 -2"><span class='ocrx_word' id='word_1_1' title='bbox 839 470 936 512; x_wconf 44' lang='lat' dir='ltr'>tm</span> <span class='ocrx_word' id='word_1_2' title='bbox 988 461 1050 514; x_wconf 83' lang='lat'>13</span> <span class='ocrx_word' id='word_1_3' title='bbox 1097 472 1194 514; x_wconf 50' lang='lat' dir='ltr'>m*</span> 
     </span>
     <span class='ocr_line' id='line_1_2' title="bbox 222 549 1814 630; baseline 0.003 -20"><span class='ocrx_word' id='word_1_4' title='bbox 222 574 295 610; x_wconf 81' lang='lat' dir='ltr'>tra</span> <span class='ocrx_word' id='word_1_5' title='bbox 344 555 472 611; x_wconf 89' lang='lat' dir='ltr'>fines</span> <span class='ocrx_word' id='word_1_6' title='bbox 520 549 853 611; x_wconf 82' lang='lat' dir='ltr'>Taurinensis</span> <span class='ocrx_word' id='word_1_7' title='bbox 909 556 1121 610; x_wconf 86' lang='lat' dir='ltr'>ditionis</span> <span class='ocrx_word' id='word_1_8' title='bbox 1189 575 1400 629; x_wconf 85' lang='lat' dir='ltr'>propere</span> <span class='ocrx_word' id='word_1_9' title='bbox 1478 552 1814 630; x_wconf 73' lang='lat' dir='ltr'>comportata</span> 
     </span>
     <span class='ocr_line' id='line_1_3' title="bbox 221 648 1802 720; baseline 0.001 -17"><span class='ocrx_word' id='word_1_10' title='bbox 221 649 526 719; x_wconf 79' lang='lat' dir='ltr'>squallorem</span> <span class='ocrx_word' id='word_1_11' title='bbox 569 648 805 703; x_wconf 76' lang='lat' dir='ltr'>abstersit</span> <span class='ocrx_word' id='word_1_12' title='bbox 837 667 896 701; x_wconf 85' lang='lat' dir='ltr'>ac</span> <span class='ocrx_word' id='word_1_13' title='bbox 941 648 1194 712; x_wconf 85' lang='lat' dir='ltr'>maciem,</span> <span class='ocrx_word' id='word_1_14' title='bbox 1236 668 1366 720; x_wconf 86' lang='lat' dir='ltr'>quae</span> <span class='ocrx_word' id='word_1_15' title='bbox 1404 649 1641 705; x_wconf 88' lang='lat' dir='ltr'>omnium</span> <span class='ocrx_word' id='word_1_16' title='bbox 1682 651 1802 709; x_wconf 85' lang='lat' dir='ltr'>vul-</span> 
     </span>
     <span class='ocr_line' id='line_1_4' title="bbox 227 741 1802 812; baseline 0.004 -20"><span class='ocrx_word' id='word_1_17' title='bbox 227 756 308 795; x_wconf 84' lang='lat' dir='ltr'>tus</span> <span class='ocrx_word' id='word_1_18' title='bbox 349 741 598 797; x_wconf 80' lang='lat' dir='ltr'><strong>infecerat</strong></span> <span class='ocrx_word' id='word_1_19' title='bbox 637 782 653 806; x_wconf 82' lang='lat'>‚</span> <span class='ocrx_word' id='word_1_20' title='bbox 703 758 756 796; x_wconf 91' lang='lat' dir='ltr'>et</span> <span class='ocrx_word' id='word_1_21' title='bbox 794 761 1069 812; x_wconf 88' lang='lat' dir='ltr'>corporum</span> <span class='ocrx_word' id='word_1_22' title='bbox 1113 742 1267 794; x_wconf 88' lang='lat' dir='ltr'>robur</span> <span class='ocrx_word' id='word_1_23' title='bbox 1306 755 1462 812; x_wconf 78' lang='lat' dir='ltr'>atque</span> <span class='ocrx_word' id='word_1_24' title='bbox 1510 741 1802 798; x_wconf 86' lang='lat' dir='ltr'>animorum</span> 
     </span>
     <span class='ocr_line' id='line_1_5' title="bbox 228 832 1039 889; baseline -0.002 -2"><span class='ocrx_word' id='word_1_25' title='bbox 228 832 475 887; x_wconf 88' lang='lat' dir='ltr'>laetitiam</span> <span class='ocrx_word' id='word_1_26' title='bbox 510 833 687 887; x_wconf 91' lang='lat' dir='ltr'>subito</span> <span class='ocrx_word' id='word_1_27' title='bbox 736 832 1039 889; x_wconf 79' lang='lat' dir='ltr'>revocavit.</span> 
     </span>
    </p>

    <p class='ocr_par' dir='ltr' id='par_1_2' title="bbox 172 922 1811 2828">
     <span class='ocr_line' id='line_1_6' title="bbox 382 922 1809 994; baseline 0.002 -18"><span class='ocrx_word' id='word_1_28' title='bbox 382 924 437 975; x_wconf 90' lang='lat' dir='ltr'><strong>A</strong></span> <span class='ocrx_word' id='word_1_29' title='bbox 478 941 580 977; x_wconf 87' lang='lat' dir='ltr'>tam</span> <span class='ocrx_word' id='word_1_30' title='bbox 621 924 800 978; x_wconf 80' lang='lat' dir='ltr'>faustis</span> <span class='ocrx_word' id='word_1_31' title='bbox 838 922 1002 977; x_wconf 87' lang='lat' dir='ltr'>initiis</span> <span class='ocrx_word' id='word_1_32' title='bbox 1042 922 1148 994; x_wconf 83' lang='lat' dir='ltr'>jam</span> <span class='ocrx_word' id='word_1_33' title='bbox 1192 937 1304 978; x_wconf 91' lang='lat' dir='ltr'>tuto</span> <span class='ocrx_word' id='word_1_34' title='bbox 1345 923 1537 978; x_wconf 77' lang='lat' dir='ltr'>licebat</span> <span class='ocrx_word' id='word_1_35' title='bbox 1578 925 1809 979; x_wconf 88' lang='lat' dir='ltr'>coniice-</span> 
     </span>
     <span class='ocr_line' id='line_1_7' title="bbox 226 1015 1807 1089; baseline 0.003 -21"><span class='ocrx_word' id='word_1_36' title='bbox 226 1033 278 1068; x_wconf 89' lang='lat' dir='ltr'>re</span> <span class='ocrx_word' id='word_1_37' title='bbox 319 1035 476 1086; x_wconf 88' lang='lat' dir='ltr'>quam</span> <span class='ocrx_word' id='word_1_38' title='bbox 530 1015 754 1087; x_wconf 85' lang='lat' dir='ltr'>prudens</span> <span class='ocrx_word' id='word_1_39' title='bbox 795 1035 951 1087; x_wconf 85' lang='lat' dir='ltr'>quam</span> <span class='ocrx_word' id='word_1_40' title='bbox 993 1016 1258 1071; x_wconf 88' lang='lat' dir='ltr'>beneficus</span> <span class='ocrx_word' id='word_1_41' title='bbox 1300 1037 1453 1089; x_wconf 83' lang='lat' dir='ltr'>quam</span> <span class='ocrx_word' id='word_1_42' title='bbox 1512 1018 1807 1073; x_wconf 87' lang='lat' dir='ltr'>communis</span> 
     </span>
     <span class='ocr_line' id='line_1_8' title="bbox 224 1105 1805 1181; baseline 0.004 -23"><span class='ocrx_word' id='word_1_43' title='bbox 224 1105 461 1160; x_wconf 74' lang='lat' dir='ltr'>Utilitatis</span> <span class='ocrx_word' id='word_1_44' title='bbox 514 1107 774 1161; x_wconf 86' lang='lat' dir='ltr'>studiosus</span> <span class='ocrx_word' id='word_1_45' title='bbox 826 1108 880 1160; x_wconf 86' lang='lat' dir='ltr'>in</span> <span class='ocrx_word' id='word_1_46' title='bbox 933 1127 1086 1161; x_wconf 88' lang='lat' dir='ltr'>omne</span> <span class='ocrx_word' id='word_1_47' title='bbox 1133 1108 1384 1180; x_wconf 82' lang='lat' dir='ltr'>reliquum</span> <span class='ocrx_word' id='word_1_48' title='bbox 1427 1125 1626 1181; x_wconf 85' lang='lat' dir='ltr'>tempus</span> <span class='ocrx_word' id='word_1_49' title='bbox 1664 1111 1805 1164; x_wconf 82' lang='lat' dir='ltr'>futu-</span> 
     </span>
     <span class='ocr_line' id='line_1_9' title="bbox 225 1199 1807 1274; baseline 0.004 -25"><span class='ocrx_word' id='word_1_50' title='bbox 225 1216 309 1250; x_wconf 89' lang='lat' dir='ltr'>rus</span> <span class='ocrx_word' id='word_1_51' title='bbox 342 1214 475 1252; x_wconf 85' lang='lat' dir='ltr'>esset</span> <span class='ocrx_word' id='word_1_52' title='bbox 495 1199 896 1253; x_wconf 84' lang='lat' dir='ltr'>VICTORIUS</span> <span class='ocrx_word' id='word_1_53' title='bbox 919 1240 930 1252; x_wconf 91' lang='lat'><strong>.</strong></span> <span class='ocrx_word' id='word_1_54' title='bbox 982 1199 1310 1272; x_wconf 76' lang='lat' dir='ltr'><strong>Quamquam</strong></span> <span class='ocrx_word' id='word_1_55' title='bbox 1340 1221 1446 1254; x_wconf 90' lang='lat' dir='ltr'>non</span> <span class='ocrx_word' id='word_1_56' title='bbox 1482 1202 1526 1256; x_wconf 88' lang='lat' dir='ltr'>is</span> <span class='ocrx_word' id='word_1_57' title='bbox 1570 1219 1679 1256; x_wconf 86' lang='lat' dir='ltr'>tum</span> <span class='ocrx_word' id='word_1_58' title='bbox 1702 1203 1807 1274; x_wconf 92' lang='lat' dir='ltr'>pri-</span> 
     </span>
     <span class='ocr_line' id='line_1_10' title="bbox 226 1290 1806 1367; baseline 0.003 -25"><span class='ocrx_word' id='word_1_59' title='bbox 226 1309 368 1344; x_wconf 88' lang='lat' dir='ltr'>mum</span> <span class='ocrx_word' id='word_1_60' title='bbox 403 1290 598 1344; x_wconf 76' lang='lat' dir='ltr'>isthaec</span> <span class='ocrx_word' id='word_1_61' title='bbox 632 1290 791 1344; x_wconf 85' lang='lat' dir='ltr'>animi</span> <span class='ocrx_word' id='word_1_62' title='bbox 821 1292 982 1345; x_wconf 84' lang='lat' dir='ltr'>ferme</span> <span class='ocrx_word' id='word_1_63' title='bbox 1021 1292 1150 1365; x_wconf 80' lang='lat' dir='ltr'>regii</span> <span class='ocrx_word' id='word_1_64' title='bbox 1184 1293 1368 1348; x_wconf 87' lang='lat' dir='ltr'>decora</span> <span class='ocrx_word' id='word_1_65' title='bbox 1390 1336 1405 1358; x_wconf 85' lang='lat'><strong>‚</strong></span> <span class='ocrx_word' id='word_1_66' title='bbox 1445 1310 1495 1348; x_wconf 90' lang='lat' dir='ltr'>et</span> <span class='ocrx_word' id='word_1_67' title='bbox 1532 1313 1806 1367; x_wconf 78' lang='lat' dir='ltr'>argumen-</span> 
     </span>
     <span class='ocr_line' id='line_1_11' title="bbox 226 1383 1805 1455; baseline 0.004 -22"><span class='ocrx_word' id='word_1_68' title='bbox 226 1398 277 1433; x_wconf 91' lang='lat' dir='ltr'>ta</span> <span class='ocrx_word' id='word_1_69' title='bbox 314 1401 431 1454; x_wconf 87' lang='lat' dir='ltr'>prae</span> <span class='ocrx_word' id='word_1_70' title='bbox 471 1402 525 1437; x_wconf 93' lang='lat' dir='ltr'>se</span> <span class='ocrx_word' id='word_1_71' title='bbox 569 1383 685 1436; x_wconf 87' lang='lat' dir='ltr'>tulit</span> <span class='ocrx_word' id='word_1_72' title='bbox 726 1404 744 1446; x_wconf 85' lang='lat'>;</span> <span class='ocrx_word' id='word_1_73' title='bbox 796 1383 986 1454; x_wconf 84' lang='lat' dir='ltr'>quippe</span> <span class='ocrx_word' id='word_1_74' title='bbox 1058 1403 1189 1455; x_wconf 87' lang='lat' dir='ltr'>quae</span> <span class='ocrx_word' id='word_1_75' title='bbox 1235 1385 1430 1439; x_wconf 87' lang='lat' dir='ltr'>multos</span> <span class='ocrx_word' id='word_1_76' title='bbox 1481 1402 1600 1439; x_wconf 88' lang='lat' dir='ltr'>ante</span> <span class='ocrx_word' id='word_1_77' title='bbox 1637 1404 1805 1440; x_wconf 88' lang='lat' dir='ltr'>annos</span> 
     </span>
     <span class='ocr_line' id='line_1_12' title="bbox 221 1473 1806 1548; baseline 0.002 -21"><span class='ocrx_word' id='word_1_78' title='bbox 221 1473 276 1528; x_wconf 87' lang='lat' dir='ltr'>in</span> <span class='ocrx_word' id='word_1_79' title='bbox 317 1493 379 1527; x_wconf 93' lang='lat' dir='ltr'>eo</span> <span class='ocrx_word' id='word_1_80' title='bbox 416 1491 691 1546; x_wconf 78' lang='lat' dir='ltr'>coeperant</span> <span class='ocrx_word' id='word_1_81' title='bbox 726 1474 949 1528; x_wconf 88' lang='lat' dir='ltr'>eminere</span> <span class='ocrx_word' id='word_1_82' title='bbox 979 1514 994 1537; x_wconf 87' lang='lat'><strong><em>‚</em></strong></span> <span class='ocrx_word' id='word_1_83' title='bbox 1032 1495 1190 1545; x_wconf 86' lang='lat' dir='ltr'>quam</span> <span class='ocrx_word' id='word_1_84' title='bbox 1233 1476 1457 1548; x_wconf 78' lang='lat' dir='ltr'>regalem</span> <span class='ocrx_word' id='word_1_85' title='bbox 1499 1493 1682 1530; x_wconf 87' lang='lat' dir='ltr'>nactus</span> <span class='ocrx_word' id='word_1_86' title='bbox 1725 1496 1806 1531; x_wconf 88' lang='lat' dir='ltr'>es-</span> 
     </span>
     <span class='ocr_line' id='line_1_13' title="bbox 223 1567 1795 1638; baseline 0.002 -19"><span class='ocrx_word' id='word_1_87' title='bbox 223 1581 302 1619; x_wconf 89' lang='lat' dir='ltr'>set</span> <span class='ocrx_word' id='word_1_88' title='bbox 342 1580 650 1637; x_wconf 86' lang='lat' dir='ltr'>potestatem</span> <span class='ocrx_word' id='word_1_89' title='bbox 690 1606 703 1619; x_wconf 91' lang='lat'><strong>.</strong></span> <span class='ocrx_word' id='word_1_90' title='bbox 746 1567 948 1638; x_wconf 80' lang='lat' dir='ltr'>Magna</span> <span class='ocrx_word' id='word_1_91' title='bbox 993 1585 1189 1638; x_wconf 81' lang='lat' dir='ltr'>semper</span> <span class='ocrx_word' id='word_1_92' title='bbox 1230 1568 1416 1622; x_wconf 85' lang='lat' dir='ltr'>feretur</span> <span class='ocrx_word' id='word_1_93' title='bbox 1454 1569 1795 1622; x_wconf 85' lang='lat' dir='ltr'>VICTORII</span> 
     </span>
     <span class='ocr_line' id='line_1_14' title="bbox 223 1655 1809 1732; baseline 0.004 -24"><span class='ocrx_word' id='word_1_94' title='bbox 223 1655 336 1709; x_wconf 87' lang='lat' dir='ltr'>laus</span> <span class='ocrx_word' id='word_1_95' title='bbox 378 1657 445 1708; x_wconf 92' lang='lat' dir='ltr'>ob</span> <span class='ocrx_word' id='word_1_96' title='bbox 489 1655 748 1728; x_wconf 81' lang='lat' dir='ltr'>insignem</span> <span class='ocrx_word' id='word_1_97' title='bbox 801 1655 911 1727; x_wconf 82' lang='lat' dir='ltr'>ejus</span> <span class='ocrx_word' id='word_1_98' title='bbox 966 1656 1022 1709; x_wconf 90' lang='lat' dir='ltr'>in</span> <span class='ocrx_word' id='word_1_99' title='bbox 1064 1659 1194 1711; x_wconf 89' lang='lat' dir='ltr'>bene</span> <span class='ocrx_word' id='word_1_100' title='bbox 1234 1677 1295 1712; x_wconf 90' lang='lat' dir='ltr'>ac</span> <span class='ocrx_word' id='word_1_101' title='bbox 1341 1659 1608 1714; x_wconf 83' lang='lat' dir='ltr'>salubriter</span> <span class='ocrx_word' id='word_1_102' title='bbox 1649 1661 1809 1732; x_wconf 86' lang='lat' dir='ltr'>impe-</span> 
     </span>
     <span class='ocr_line' id='line_1_15' title="bbox 224 1747 1809 1810; baseline 0.004 -9"><span class='ocrx_word' id='word_1_103' title='bbox 224 1748 386 1801; x_wconf 88' lang='lat' dir='ltr'>rando</span> <span class='ocrx_word' id='word_1_104' title='bbox 423 1747 686 1802; x_wconf 84' lang='lat' dir='ltr'>solertiam</span> <span class='ocrx_word' id='word_1_105' title='bbox 729 1768 790 1805; x_wconf 91' lang='lat' dir='ltr'>ac</span> <span class='ocrx_word' id='word_1_106' title='bbox 830 1751 1131 1804; x_wconf 81' lang='lat' dir='ltr'>facultatem</span> <span class='ocrx_word' id='word_1_107' title='bbox 1173 1751 1338 1805; x_wconf 88' lang='lat' dir='ltr'>donec</span> <span class='ocrx_word' id='word_1_108' title='bbox 1375 1750 1694 1807; x_wconf 88' lang='lat' dir='ltr'>Taurinense</span> <span class='ocrx_word' id='word_1_109' title='bbox 1727 1754 1809 1810; x_wconf 85' lang='lat' dir='ltr'>vi-</span> 
     </span>
     <span class='ocr_line' id='line_1_16' title="bbox 223 1839 1810 1914; baseline 0.004 -22"><span class='ocrx_word' id='word_1_110' title='bbox 223 1839 368 1912; x_wconf 82' lang='lat' dir='ltr'>gebit</span> <span class='ocrx_word' id='word_1_111' title='bbox 404 1841 734 1896; x_wconf 82' lang='lat' dir='ltr'>Athenaeum</span> <span class='ocrx_word' id='word_1_112' title='bbox 788 1840 949 1914; x_wconf 87' lang='lat' dir='ltr'>ipsius</span> <span class='ocrx_word' id='word_1_113' title='bbox 993 1841 1048 1895; x_wconf 91' lang='lat' dir='ltr'>in</span> <span class='ocrx_word' id='word_1_114' title='bbox 1084 1840 1264 1914; x_wconf 84' lang='lat' dir='ltr'>primis</span> <span class='ocrx_word' id='word_1_115' title='bbox 1305 1861 1462 1914; x_wconf 89' lang='lat' dir='ltr'>opera</span> <span class='ocrx_word' id='word_1_116' title='bbox 1500 1844 1810 1898; x_wconf 88' lang='lat' dir='ltr'>auctoritate</span> 
     </span>
     <span class='ocr_line' id='line_1_17' title="bbox 226 1932 1803 2006; baseline 0.003 -22"><span class='ocrx_word' id='word_1_117' title='bbox 226 1932 585 1986; x_wconf 87' lang='lat' dir='ltr'>munificentia</span> <span class='ocrx_word' id='word_1_118' title='bbox 626 1954 689 1987; x_wconf 94' lang='lat' dir='ltr'>eo</span> <span class='ocrx_word' id='word_1_119' title='bbox 730 1933 1014 2004; x_wconf 84' lang='lat' dir='ltr'>splendoris</span> <span class='ocrx_word' id='word_1_120' title='bbox 1050 1949 1103 1987; x_wconf 91' lang='lat' dir='ltr'>et</span> <span class='ocrx_word' id='word_1_121' title='bbox 1144 1933 1412 2006; x_wconf 80' lang='lat' dir='ltr'>dignitatis</span> <span class='ocrx_word' id='word_1_122' title='bbox 1455 1950 1762 2004; x_wconf 85' lang='lat' dir='ltr'>provectum</span> <span class='ocrx_word' id='word_1_123' title='bbox 1787 1976 1803 1999; x_wconf 90' lang='lat'>‚</span> 
     </span>
     <span class='ocr_line' id='line_1_18' title="bbox 225 2023 1808 2096; baseline 0.003 -20"><span class='ocrx_word' id='word_1_124' title='bbox 225 2043 325 2093; x_wconf 89' lang='lat' dir='ltr'>qua</span> <span class='ocrx_word' id='word_1_125' title='bbox 366 2042 503 2077; x_wconf 91' lang='lat' dir='ltr'>nunc</span> <span class='ocrx_word' id='word_1_126' title='bbox 546 2023 782 2079; x_wconf 85' lang='lat' dir='ltr'>videmus</span> <span class='ocrx_word' id='word_1_127' title='bbox 824 2025 1073 2079; x_wconf 78' lang='lat' dir='ltr'>excellere</span> <span class='ocrx_word' id='word_1_128' title='bbox 1115 2024 1285 2079; x_wconf 88' lang='lat' dir='ltr'>omnis</span> <span class='ocrx_word' id='word_1_129' title='bbox 1320 2025 1576 2096; x_wconf 87' lang='lat' dir='ltr'>politioris</span> <span class='ocrx_word' id='word_1_130' title='bbox 1615 2026 1808 2080; x_wconf 88' lang='lat' dir='ltr'>littera-</span> 
     </span>
     <span class='ocr_line' id='line_1_19' title="bbox 230 2115 1809 2195; baseline 0.004 -29"><span class='ocrx_word' id='word_1_131' title='bbox 230 2130 372 2169; x_wconf 87' lang='lat' dir='ltr'>turae</span> <span class='ocrx_word' id='word_1_132' title='bbox 408 2116 552 2169; x_wconf 89' lang='lat' dir='ltr'>cultu</span> <span class='ocrx_word' id='word_1_133' title='bbox 588 2133 639 2170; x_wconf 88' lang='lat' dir='ltr'>et</span> <span class='ocrx_word' id='word_1_134' title='bbox 679 2116 1022 2171; x_wconf 88' lang='lat' dir='ltr'>solidissimae</span> <span class='ocrx_word' id='word_1_135' title='bbox 1063 2115 1293 2187; x_wconf 84' lang='lat' dir='ltr'>cujusvis</span> <span class='ocrx_word' id='word_1_136' title='bbox 1341 2117 1648 2190; x_wconf 84' lang='lat' dir='ltr'>disciplinae</span> <span class='ocrx_word' id='word_1_137' title='bbox 1691 2119 1809 2195; x_wconf 81' lang='lat' dir='ltr'>glo-</span> 
     </span>
     <span class='ocr_line' id='line_1_20' title="bbox 172 2204 1811 2282; baseline 0.006 -26"><span class='ocrx_word' id='word_1_138' title='bbox 172 2236 185 2241; x_wconf 95' lang='lat'>--</span> <span class='ocrx_word' id='word_1_139' title='bbox 228 2204 303 2258; x_wconf 86' lang='lat' dir='ltr'>ria</span> <span class='ocrx_word' id='word_1_140' title='bbox 337 2207 692 2279; x_wconf 85' lang='lat' dir='ltr'>uberrimaque</span> <span class='ocrx_word' id='word_1_141' title='bbox 733 2207 1064 2280; x_wconf 80' lang='lat' dir='ltr'>ingeniorum</span> <span class='ocrx_word' id='word_1_142' title='bbox 1117 2225 1290 2282; x_wconf 79' lang='lat' dir='ltr'>segete</span> <span class='ocrx_word' id='word_1_143' title='bbox 1341 2210 1766 2266; x_wconf 86' lang='lat' dir='ltr'>florentissimum</span> <span class='ocrx_word' id='word_1_144' title='bbox 1791 2225 1811 2266; x_wconf 82' lang='grc'>.’</span> 
     </span>
     <span class='ocr_line' id='line_1_21' title="bbox 228 2295 1806 2373; baseline 0.008 -26"><span class='ocrx_word' id='word_1_145' title='bbox 228 2295 461 2367; x_wconf 77' lang='lat' dir='ltr'>Hujusce</span> <span class='ocrx_word' id='word_1_146' title='bbox 494 2315 665 2353; x_wconf 87' lang='lat' dir='ltr'>autem</span> <span class='ocrx_word' id='word_1_147' title='bbox 707 2299 912 2371; x_wconf 79' lang='lat' dir='ltr'>augusti</span> <span class='ocrx_word' id='word_1_148' title='bbox 950 2300 1228 2372; x_wconf 87' lang='lat' dir='ltr'>sapientiae</span> <span class='ocrx_word' id='word_1_149' title='bbox 1267 2301 1521 2356; x_wconf 85' lang='lat' dir='ltr'>domicilii</span> <span class='ocrx_word' id='word_1_150' title='bbox 1554 2301 1656 2373; x_wconf 78' lang='lat' dir='ltr'>jam</span> <span class='ocrx_word' id='word_1_151' title='bbox 1696 2320 1806 2360; x_wconf 88' lang='lat' dir='ltr'>tum</span> 
     </span>
     <span class='ocr_line' id='line_1_22' title="bbox 227 2384 1808 2464; baseline 0.007 -24"><span class='ocrx_word' id='word_1_152' title='bbox 227 2384 419 2456; x_wconf 73' lang='lat' dir='ltr'>jecerat</span> <span class='ocrx_word' id='word_1_153' title='bbox 457 2390 789 2445; x_wconf 83' lang='lat' dir='ltr'>fundamenta</span> <span class='ocrx_word' id='word_1_154' title='bbox 830 2433 846 2456; x_wconf 90' lang='lat'><strong>‚</strong></span> <span class='ocrx_word' id='word_1_155' title='bbox 906 2411 1026 2446; x_wconf 88' lang='lat' dir='ltr'>cum</span> <span class='ocrx_word' id='word_1_156' title='bbox 1062 2393 1336 2464; x_wconf 81' lang='lat' dir='ltr'>pecuniam</span> <span class='ocrx_word' id='word_1_157' title='bbox 1383 2394 1482 2449; x_wconf 86' lang='lat' dir='ltr'>sibi</span> <span class='ocrx_word' id='word_1_158' title='bbox 1519 2416 1549 2449; x_wconf 90' lang='lat' dir='ltr'>a</span> <span class='ocrx_word' id='word_1_159' title='bbox 1590 2397 1808 2451; x_wconf 86' lang='lat' dir='ltr'>Parente</span> 
     </span>
     <span class='ocr_line' id='line_1_23' title="bbox 229 2478 1807 2554; baseline 0.006 -24"><span class='ocrx_word' id='word_1_160' title='bbox 229 2478 285 2531; x_wconf 85' lang='lat' dir='ltr'>in</span> <span class='ocrx_word' id='word_1_161' title='bbox 325 2481 550 2550; x_wconf 85' lang='lat' dir='ltr'>privatos</span> <span class='ocrx_word' id='word_1_162' title='bbox 589 2502 712 2537; x_wconf 86' lang='lat' dir='ltr'>usus</span> <span class='ocrx_word' id='word_1_163' title='bbox 768 2483 1067 2554; x_wconf 88' lang='lat' dir='ltr'>permissam</span> <span class='ocrx_word' id='word_1_164' title='bbox 1107 2484 1246 2537; x_wconf 90' lang='lat' dir='ltr'>ultro</span> <span class='ocrx_word' id='word_1_165' title='bbox 1286 2484 1500 2542; x_wconf 77' lang='lat' dir='ltr'>devovit</span> <span class='ocrx_word' id='word_1_166' title='bbox 1540 2487 1807 2541; x_wconf 86' lang='lat' dir='ltr'>stabilien-</span> 
     </span>
     <span class='ocr_line' id='line_1_24' title="bbox 229 2570 1808 2645; baseline 0.007 -22"><span class='ocrx_word' id='word_1_167' title='bbox 229 2570 326 2624; x_wconf 90' lang='lat' dir='ltr'>dae</span> <span class='ocrx_word' id='word_1_168' title='bbox 363 2588 415 2625; x_wconf 91' lang='lat' dir='ltr'>et</span> <span class='ocrx_word' id='word_1_169' title='bbox 452 2574 849 2645; x_wconf 86' lang='lat' dir='ltr'>amplificandae</span> <span class='ocrx_word' id='word_1_170' title='bbox 885 2574 1346 2630; x_wconf 84' lang='lat' dir='ltr'>eruditissimorum</span> <span class='ocrx_word' id='word_1_171' title='bbox 1389 2578 1676 2633; x_wconf 87' lang='lat' dir='ltr'>Hominum</span> <span class='ocrx_word' id='word_1_172' title='bbox 1721 2599 1808 2634; x_wconf 89' lang='lat' dir='ltr'>so·-</span> 
     </span>
     <span class='ocr_line' id='line_1_25' title="bbox 230 2659 1807 2738; baseline 0.01 -26"><span class='ocrx_word' id='word_1_173' title='bbox 230 2659 438 2726; x_wconf 80' lang='lat' dir='ltr'>cietati‚</span> <span class='ocrx_word' id='word_1_174' title='bbox 476 2664 564 2735; x_wconf 86' lang='lat' dir='ltr'>qui</span> <span class='ocrx_word' id='word_1_175' title='bbox 604 2664 846 2720; x_wconf 88' lang='lat' dir='ltr'>historiae</span> <span class='ocrx_word' id='word_1_176' title='bbox 885 2666 1179 2738; x_wconf 86' lang='lat' dir='ltr'>praesertim</span> <span class='ocrx_word' id='word_1_177' title='bbox 1203 2710 1216 2732; x_wconf 88' lang='lat'>‚</span> <span class='ocrx_word' id='word_1_178' title='bbox 1247 2685 1299 2723; x_wconf 92' lang='lat' dir='ltr'>et</span> <span class='ocrx_word' id='word_1_179' title='bbox 1331 2671 1616 2726; x_wconf 83' lang='lat' dir='ltr'>matheseos</span> <span class='ocrx_word' id='word_1_180' title='bbox 1655 2673 1807 2727; x_wconf 86' lang='lat' dir='ltr'>laude</span> 
     </span>
     <span class='ocr_line' id='line_1_26' title="bbox 231 2753 1808 2828; baseline 0.01 -25"><span class='ocrx_word' id='word_1_181' title='bbox 231 2753 634 2819; x_wconf 81' lang='lat' dir='ltr'>celebrarentur,</span> <span class='ocrx_word' id='word_1_182' title='bbox 672 2777 890 2828; x_wconf 88' lang='lat' dir='ltr'>quorum</span> <span class='ocrx_word' id='word_1_183' title='bbox 931 2759 1164 2813; x_wconf 86' lang='lat' dir='ltr'>doctrina</span> <span class='ocrx_word' id='word_1_184' title='bbox 1204 2780 1309 2815; x_wconf 86' lang='lat' dir='ltr'>non</span> <span class='ocrx_word' id='word_1_185' title='bbox 1351 2761 1520 2816; x_wconf 89' lang='lat' dir='ltr'>solum</span> <span class='ocrx_word' id='word_1_186' title='bbox 1562 2762 1808 2818; x_wconf 80' lang='lat' dir='ltr'>eximiam</span> 
     </span>
    </p>
   </div>
   <div class='ocr_carea' id='block_1_2' title="bbox 231 2843 1802 2986">
    <p class='ocr_par' dir='ltr' id='par_1_3' title="bbox 231 2843 1802 2986">
     <span class='ocr_line' id='line_1_27' title="bbox 231 2843 1802 2915; baseline 0.009 -20"><span class='ocrx_word' id='word_1_187' title='bbox 231 2843 362 2897; x_wconf 84' lang='lat' dir='ltr'>inter</span> <span class='ocrx_word' id='word_1_188' title='bbox 403 2864 522 2901; x_wconf 87' lang='lat' dir='ltr'>suos</span> <span class='ocrx_word' id='word_1_189' title='bbox 555 2847 994 2905; x_wconf 78' lang='lat' dir='ltr'>existimationem</span> <span class='ocrx_word' id='word_1_190' title='bbox 1035 2851 1136 2906; x_wconf 87' lang='lat' dir='ltr'>illis</span> <span class='ocrx_word' id='word_1_191' title='bbox 1179 2851 1529 2915; x_wconf 75' lang='lat' dir='ltr'>conciliavit3</span> <span class='ocrx_word' id='word_1_192' title='bbox 1566 2853 1656 2907; x_wconf 85' lang='lat' dir='ltr'>sed</span> <span class='ocrx_word' id='word_1_193' title='bbox 1695 2869 1802 2909; x_wconf 81' lang='lat' dir='ltr'>tota</span> 
     </span>
     <span class='ocr_line' id='line_1_28' title="bbox 1261 2943 1344 2986; baseline 0.012 -1"><span class='ocrx_word' id='word_1_194' title='bbox 1261 2943 1276 2959; x_wconf 65' lang='lat'>¹*</span> <span class='ocrx_word' id='word_1_195' title='bbox 1327 2952 1344 2986; x_wconf 83' lang='lat'><em>3</em></span> 
     </span>
    </p>
   </div>
  </div>
 </body>
</html>
