2216 3533
1011 492 1110 534 ιίη
1158 480 1223 517 12
1264 493 1362 536 ms

392 575 639 650 propositi
675 591 827 633 tenax
848 578 1249 634 VICTORIUS
1274 576 1534 634 Davidem
1558 575 1760 632 ⁸institit
1796 581 1968 630 aemue'

390 672 481 728 lari
527 712 539 735 ‚
577 670 665 742 qui
706 671 796 724 ubi
832 669 1052 743 primum
1095 669 1363 737 Iudaicum
1403 671 1649 741 populum
1688 669 1967 742 regendum

389 761 648 833 suscepit,
692 761 819 816 nihil
857 761 1106 832 reliquum
1154 759 1314 823 fecit,
1369 777 1428 814 ut
1467 760 1819 832 improborum
1857 759 1967 813 vim

387 873 588 928 poenae
627 854 895 910 severitate
918 868 1178 906 coerceret
1199 894 1212 916 ,
1236 851 1486 906 excitatas
1523 872 1682 925 regno
1705 850 1966 922 superiore

393 948 566 1001 turbas
617 961 669 998 et
708 943 1015 1015 opinionum
1057 943 1267 997 dissidia
1312 960 1647 1016 componeret
1686 985 1702 1008 ‚
1753 942 1966 996 ditionis

389 1057 510 1093 suae
552 1036 682 1090 fines
720 1038 785 1089 ab
825 1034 1050 1088 hostium
1090 1034 1287 1105 impetu
1330 1051 1586 1099 tueretur,
1621 1035 1794 1089 Israeli
1834 1051 1966 1089 tran=

393 1127 699 1200 quillitatem
733 1141 784 1179 et
822 1125 1025 1196 copiam
1068 1142 1393 1197 compararet
1415 1167 1427 1182 .
1900 1115 1906 1118 “

545 1220 725 1289 Neque
766 1236 919 1289 porro
959 1216 1121 1271 defuit
1155 1218 1388 1290 Principi
1433 1234 1610 1273 nostro
1648 1218 1702 1274 in
1738 1220 1853 1292 ipso
1891 1238 1965 1273 re«

385 1309 581 1386 gnandi
616 1308 759 1362 aditu
784 1307 1176 1362 incommodum
1199 1327 1320 1362 sane
1343 1311 1668 1364 deterrimum
1693 1352 1707 1374 ‚
1751 1310 1836 1364 cui
1858 1330 1967 1363 ma«-

388 1403 499 1454 ture
537 1402 671 1453 soret
708 1400 1084 1453 occurrendum
1109 1439 1120 1450 .
1167 1400 1355 1456 Gravis
1391 1399 1695 1473 jampridem
1731 1401 1966 1459 invalue-

385 1508 463 1545 rat
488 1491 750 1544 Annonae
784 1490 968 1544 caritas
992 1531 1007 1554 ,
1039 1509 1168 1562 quae
1199 1490 1417 1561 majores
1453 1493 1509 1546 in
1544 1493 1652 1547 dies
1693 1493 1964 1567 angustias

383 1581 748 1655 portenderet,
790 1596 842 1634 et
870 1597 1150 1635 extremam
1188 1582 1420 1655 inopiam
1440 1582 1792 1638 minitaretur.
1837 1584 1966 1650 Quo

383 1693 494 1730 sese
541 1674 695 1730 vertit
735 1673 790 1726 in
835 1689 976 1726 tanto
1016 1674 1315 1729 discrimine
1353 1675 1471 1729 Rex
1512 1676 1962 1730 humanissimus?

384 1767 432 1821 O
475 1766 682 1838 plenum
719 1780 953 1835 paternae
991 1763 1199 1835 pietatis
1242 1780 1293 1819 et
1324 1765 1605 1837 sapientiae
1640 1766 1958 1821 consilium!

385 1860 518 1912 Cum
550 1857 709 1928 probe
745 1871 913 1910 teneat
947 1853 1306 1925 hujuscemodi
1348 1855 1654 1911 calamitatis
1687 1858 1876 1911 molem
1905 1858 1961 1912 in

383 1968 494 2003 eam
538 1945 861 2018 potissimum
902 1947 1089 2019 Populi
1144 1947 1358 2002 classem
1412 1947 1712 2003 incumbere
1755 1989 1770 2013 ,
1829 1968 1967 2021 quae

380 2038 684 2112 quotidiano
735 2038 910 2091 labore
963 2054 1114 2110 atque
1163 2037 1414 2092 industria
1453 2036 1693 2094 victitare
1729 2057 1962 2095 -consue-

380 2131 458 2186 vit
479 2171 493 2194 ‚
532 2130 739 2201 publica
781 2146 923 2184 extra
956 2129 1189 2184 ordinem
1223 2148 1377 2202 opera
1401 2171 1416 2195 ,
1459 2146 1511 2183 et
1547 2131 1960 2186 substructiones

380 2223 567 2277 indicit
605 2221 788 2292 partim
830 2222 1129 2276 reficiendas
1166 2263 1181 2287 ,
1238 2222 1420 2294 partim
1461 2241 1527 2276 ex
1567 2222 1771 2295 integro
1822 2221 1962 2276 cxci<-

385 2315 567 2368 tandas
591 2354 603 2367 .
651 2315 729 2366 Ita
769 2312 966 2367 scilicet
990 2329 1041 2366 et
1060 2314 1377 2366 laborantem
1409 2313 1661 2384 praesenti
1696 2331 1794 2383 ope
1831 2313 1961 2366 mul-

381 2404 655 2459 titudinem
699 2420 892 2458 recreat
931 2420 1086 2475 atque
1125 2420 1379 2458 sustentat
1411 2445 1426 2468 ‚
1469 2421 1520 2457 et
1557 2422 1748 2460 novam
1780 2405 1956 2477 Regni

377 2496 460 2555 sui
502 2498 784 2551 commodo
825 2513 877 2549 et
921 2512 1227 2549 ornamento
1269 2494 1439 2548 facere
1475 2494 1827 2549 accessionem
1868 2514 1958 2568 ag-

380 2586 643 2661 greditur.
691 2585 840 2640 Datis
881 2585 1088 2639 interim
1130 2584 1450 2658 gravissimis
1486 2584 1670 2639 litteris
1711 2585 1778 2638 ad
1817 2605 1958 2640 com-

379 2678 547 2750 plures
588 2676 763 2730 Italiae
802 2676 1032 2748 aliasque
1072 2675 1353 2729 maritimas
1395 2677 1563 2730 Urbes
1587 2716 1601 2738 ,
1640 2691 1693 2728 et
1734 2695 1797 2729 eo
1833 2674 1956 2728 mis-1

379 2768 450 2822 sis
482 2786 601 2822 cum
642 2767 841 2840 ingenti
875 2767 984 2819 auri
1022 2768 1240 2836 pondere
1274 2766 1400 2822 viris
1433 2765 1778 2820 solertissimis
1800 2806 1814 2829 ,
1850 2784 1954 2819 ma-

381 2877 483 2932 gna
523 2857 643 2912 inde
678 2857 919 2913 frumenti
949 2857 1175 2930 undique
1201 2856 1282 2914 Vis
1315 2856 1609 2931 conquisita
1630 2898 1646 2922 ,
1684 2874 1838 2929 atqu-e
1875 2857 1951 2910 in-
