2216 3533
837 442 937 484 zm
984 432 1051 487 15
1093 444 1191 486 m>

386 525 547 585 Porro
588 528 800 585 minime
842 530 1078 585 omnium
1120 529 1313 583 latebat
1352 529 1816 598 VICTORIUM,

224 624 418 680 litteras
470 641 522 678 et
576 622 958 679 liberalissimas
999 621 1303 694 disciplinas
1346 640 1524 693 parum
1563 625 1804 694 prodesse

224 715 569 788 Reipublicae
611 757 627 780 ‚
692 715 792 770 nisi
833 714 1027 768 artibus
1067 734 1167 785 qua
1209 714 1508 769 excolendis
1546 735 1648 785 qua
1689 735 1804 787 pro·

226 808 478 866 vehendis
518 808 583 862 ad
619 806 944 880 quotidianos
966 806 1105 862 vitae
1125 824 1248 860 usus
1278 807 1642 860 transferantur
1666 847 1677 859 .
1705 809 1810 862 Ne-

227 919 327 972 que
362 899 501 953 enim
542 898 664 953 satis
705 915 784 953 est
823 898 924 953 sibi
964 898 1106 954 cives
1144 897 1312 961 scire,
1349 897 1450 951 nisi
1491 917 1543 951 re
1573 898 1685 970 ipsa
1721 919 1812 970 pa-

228 994 329 1046 lam
367 990 585 1046 fecerint
617 990 831 1045 caeteris
871 1010 1076 1062 quoque
1112 1008 1167 1044 se
1205 989 1367 1045 scire.
1404 991 1584 1062 Neque
1616 991 1809 1046 Archi·

227 1084 401 1137 medes
438 1085 782 1137 Demostenes
819 1083 1117 1153 Xenophon
1170 1098 1430 1153 tamquam
1468 1082 1569 1139 Viri
1611 1083 1809 1154 optime

228 1176 293 1227 de
331 1174 494 1246 patria
535 1173 703 1227 meriti
746 1189 1009 1244 tantopere
1043 1173 1492 1244 praedicarentur,
1529 1175 1571 1228 si
1608 1197 1815 1250 geome-

234 1265 331 1319 tria
368 1265 660 1336 eloquentia
700 1265 914 1319 historia
942 1307 957 1329 ‚
996 1285 1096 1337 qua
1134 1265 1235 1337 ipsi
1273 1264 1463 1320 mirum
1500 1266 1555 1320 in
1594 1270 1809 1324 modum

231 1357 499 1430 pollebant
535 1396 550 1421 ,
601 1357 668 1411 ad
707 1357 1084 1411 retundendum
1127 1356 1356 1411 hostium
1397 1357 1648 1430 impetum
1691 1401 1706 1424 ,
1748 1362 1813 1415 ad

229 1447 459 1519 abjectos
498 1465 548 1503 et
590 1448 966 1520 despondentes
1004 1467 1216 1502 suorum
1255 1447 1456 1503 animos
1493 1449 1767 1523 erigendos
1792 1494 1809 1517 ,

230 1540 297 1592 ad
337 1539 592 1595 exercitus
623 1556 760 1595 recte
791 1539 1224 1595 administrandos
1247 1540 1378 1596 duce
1396 1541 1471 1595 uti
1494 1557 1645 1613 atque
1667 1540 1813 1615 adjueff

233 1632 363 1688 trice
397 1633 779 1706 neglexissent.

394 1725 602 1781 Nimius
643 1727 743 1781 sim
785 1767 801 1790 ‚
849 1726 1284 1784 BEATISSINIE
1325 1728 1569 1785 PATER
1610 1772 1625 1796 ,
1669 1730 1715 1786 si
1755 1751 1818 1786 ea

233 1817 413 1872 omnia
452 1836 855 1873 commemorare
896 1820 1053 1878 velim
1076 1862 1091 1885 ‚
1114 1839 1246 1892 quae
1285 1823 1541 1893 praestitit
1569 1824 1687 1878 Rex
1716 1823 1818 1877 for-

237 1910 469 1966 tissimus
507 1912 572 1965 ad
611 1911 910 1983 Augustam
962 1911 1311 1966 Taurinorum
1369 1913 1597 1984 aliasque
1645 1916 1817 1970 Urbes

234 2002 577 2057 honestandas
614 2018 703 2055 aut
726 2001 1149 2057 communiendas
1169 2044 1184 2067 ‚
1207 2004 1274 2056 ad
1305 2004 1672 2075 explicandum
1705 2025 1821 2077 pro-

237 2093 657 2166 movendumque
698 2094 1065 2150 commercium
1104 2136 1120 2159 ‚
1163 2096 1229 2148 ad
1265 2096 1418 2151 utiles
1459 2097 1715 2168 quaslibet
1754 2116 1818 2153 ac

238 2202 565 2256 quaestuosas
599 2203 729 2241 artes
770 2187 1082 2242 invehendas
1124 2187 1562 2260 expoliendasque
1603 2230 1616 2242 .
1675 2189 1813 2256 Quis

238 2277 377 2331 enim
418 2296 679 2334 enumeret
716 2278 923 2350 publica
964 2278 1201 2333 aedificia
1237 2320 1251 2342 ‚
1291 2299 1422 2350 quae
1459 2282 1524 2333 ab
1561 2280 1677 2352 ipso
1711 2300 1821 2351 per-

237 2369 375 2424 fecta
411 2386 531 2424 sunt
553 2412 567 2434 ‚
605 2386 695 2422 aut
732 2389 762 2422 a
799 2370 1149 2424 fundamentis
1181 2370 1450 2425 excitata?
1489 2371 1624 2436 Quis
1661 2374 1820 2427 Tem-

239 2460 324 2531 pla
345 2500 361 2522 ,
401 2480 530 2531 quae
568 2460 788 2531 plurima
821 2476 973 2531 atque
1009 2459 1211 2532 optima
1251 2460 1466 2518 donavit
1498 2462 1820 2533 supellectile

243 2551 609 2623 splendideque
646 2552 960 2608 exornavit?
998 2551 1161 2607 Avita
1193 2552 1424 2622 sepulcra
1443 2594 1457 2616 ‚
1487 2572 1616 2624 quae
1649 2553 1822 2626 Regio

245 2643 361 2713 Ipse
402 2641 708 2699 instauravit
744 2644 886 2698 cultu
916 2644 1365 2717 amplificavitque
1389 2650 1408 2698 ἒ
1431 2645 1567 2710 Quis
1602 2645 1819 2700 idoneas

244 2751 509 2787 recenseat
549 2755 609 2788 ac
653 2738 1047 2807 percommodas
1097 2737 1152 2790 in
1195 2754 1276 2790 tot
1322 2736 1554 2809 abruptis
1596 2777 1611 2801 ‚
1662 2752 1817 2807 atque

241 2824 434 2896 ‘asperis
478 2825 610 2881 locis
646 2828 931 2900 patefactas
968 2829 1080 2889 vias
1122 2833 1142 2884 ἓ
1210 2831 1431 2901 Amplas
1468 2829 1592 2884 item
1632 2829 1817 2891 domus

1231 2918 1248 2936 i
1276 2919 1292 2936 i
1341 2931 1367 2966 4
