2216 3533
844 499 937 542 *a
981 492 1010 545 5
1054 506 1153 549 ιᾚ,

209 586 311 652 ris,
353 587 783 659 disciplinamque
824 590 1107 663 neglexeris
1132 631 1146 654 ,
1181 589 1233 644 in
1277 594 1542 663 proposito
1583 597 1648 649 ad
1684 616 1789 668 per-

211 681 514 733 currendum
561 681 728 733 stadio
768 682 874 752 pari
916 702 1175 753 nunquam
1224 703 1342 737 cum
1383 688 1529 740 laude
1567 706 1617 741 ct
1657 690 1793 743 cele-

213 771 363 824 ritate
406 773 645 844 proficies
671 814 681 824 .
728 773 886 837 Quod
923 775 1129 844 quidem
1165 797 1225 829 eo
1254 777 1441 848 potiori
1483 777 1593 847 jure
1631 783 1694 834 ad
1738 783 1793 835 il-

212 866 291 918 los
323 866 536 918 arbitror
570 865 821 935 pertinere
861 907 874 929 ,
911 866 1095 936 quibus
1132 867 1389 921 incumbit
1438 872 1619 925 ceteris
1654 894 1795 943 prac-

213 978 322 1012 esse
359 979 418 1012 ac
459 959 754 1022 dominar13
796 981 900 1030 quo
935 960 1101 1032 magis
1139 963 1354 1014 arduum
1393 979 1442 1015 et
1474 964 1795 1034 periculosae

210 1050 420 1121 plenum
454 1051 594 1104 aleae
635 1070 767 1122 opus
809 1068 1023 1105 tractare
1059 1052 1198 1123 ipsos
1234 1069 1469 1124 oportet.
1517 1055 1624 1120 Iam
1669 1076 1792 1109 vei-o

211 1163 517 1215 quamquam
561 1142 765 1197 diffiteri
809 1164 917 1198 non
959 1145 1126 1198 ausim
1169 1145 1370 1217 aliquos
1406 1146 1662 1199 interdum
1703 1169 1788 1202 cx-

215 1235 377 1288 titisse
415 1277 429 1299 ,
480 1234 567 1305 qui
607 1254 727 1287 cum
769 1236 851 1290 vel
893 1235 1048 1288 nullis
1083 1237 1167 1292 vel
1208 1255 1386 1306 parum
1432 1237 1607 1290 solidis
1652 1258 1794 1308 prae-

210 1327 373 1399 ceptis
411 1327 762 1397 institutisque
798 1327 1059 1381 informati
1096 1329 1161 1381 ad
1204 1327 1574 1399 rempublicam
1612 1349 1790 1383 acces-

209 1421 429 1483 sissent,
473 1440 655 1493 graves
693 1439 752 1474 ac
786 1421 995 1473 solertes
1034 1420 1365 1492 magistratus
1405 1436 1494 1472 aut
1529 1420 1785 1491 principes

210 1512 486 1566 excellenti
522 1513 749 1583 quodam
787 1512 946 1584 ipsius
982 1529 1195 1565 naturae
1234 1512 1414 1564 habitu.
1454 1532 1506 1565 se
1542 1514 1792 1583 probave-

210 1624 298 1658 re:
340 1604 617 1658 nonnullos
655 1603 812 1657 ctiam
850 1603 1103 1676 regnandi
1146 1603 1310 1676 gloria
1352 1604 1475 1657 satis
1513 1604 1750 1658 floruisse
1776 1647 1789 1667 7

209 1698 348 1770 quod
383 1695 567 1750 inolita
597 1716 628 1749 a
659 1712 841 1749 natura
878 1695 1007 1752 vitia
1036 1695 1273 1769 diligenti
1305 1695 1641 1766 diuturnaque
1670 1715 1790 1765 ops-

209 1810 263 1844 ra
299 1807 350 1844 et
389 1790 560 1843 labore
597 1790 815 1844 eluenda
854 1806 945 1841 aut
983 1789 1304 1841 emendanda
1346 1803 1613 1842 curassent
1651 1807 1666 1849 ς
1710 1782 1791 1839 in-

211 1882 375 1937 ficiari
419 1898 588 1935 tamen
630 1900 782 1953 posse
819 1880 1079 1935 neminem
1117 1896 1245 1952 puto
1275 1921 1290 1943 ,
1331 1880 1374 1933 si
1416 1879 1622 1950 quando
1666 1898 1789 1931 cum

213 1991 395 2028 natura
426 1973 612 2027 illustri
649 1990 700 2026 et
737 1973 935 2026 liberali
968 1972 1171 2043 sapiens
1204 1989 1355 2043 atque
1388 1988 1632 2025 accurata
1669 1974 1792 2025 edu-

216 2067 355 2120 catio
396 2066 738 2128 consenserit,
779 2081 888 2118 tum
926 2066 991 2117 ad
1028 2063 1190 2137 Regis
1231 2063 1579 2135 probatissimi
1613 2084 1792 2136 geren-

214 2161 332 2212 dam
385 2176 655 2228 personam
710 2156 840 2209 nihil
899 2154 1001 2226 jam
1043 2155 1437 2210 desiderandum
1486 2175 1785 2228 superesse.

217 2255 390 2319 Quare
432 2248 632 2302 etiamsi
675 2268 945 2320 nunquam
986 2248 1051 2301 ad
1088 2247 1232 2320 regni
1272 2248 1478 2300 culmen
1529 2248 1789 2318 pervenis-

216 2360 293 2396 set
325 2341 723 2395 VICTORIUS
771 2361 788 2403 3
826 2340 1163 2395 nihilominus
1218 2358 1284 2394 ex
1336 2342 1435 2393 hoc
1492 2340 1608 2412 ipso
1648 2357 1791 2393 certo

218 2432 437 2487 ominari
474 2432 756 2504 unicuique
802 2433 981 2487 liceret
1026 2434 1156 2485 bene
1208 2431 1560 2502 sapienterque
1614 2450 1792 2502 regna-

221 2542 390 2579 turum
430 2524 588 2579 fuisse
630 2566 645 2589 ,
697 2526 837 2596 quod
876 2522 1301 2596 praesentissimis
1342 2522 1482 2575 hisce
1524 2522 1790 2592 praesidiis

218 2633 271 2670 et
308 2616 613 2670 adiumentis
643 2617 708 2669 ad
740 2618 1056 2689 regnandum
1083 2616 1363 2669 instructus
1396 2615 1528 2667 foret
1562 2634 1620 2666 ac
1647 2634 1790 2667 com-

218 2726 423 2781 paratus
450 2749 461 2760 .
497 2710 576 2761 Ne
615 2725 662 2760 te
690 2708 883 2761 diutius
917 2724 1116 2760 teneam
1141 2748 1155 2770 ‚
1193 2706 1623 2759 BEATISSIME
1667 2705 1788 2756 PA-

220 2802 363 2854 TER
406 2842 419 2865 ,
469 2817 695 2853 naturam
734 2800 810 2852 illi
849 2802 943 2852 hac
984 2799 1039 2851 in
1075 2818 1126 2851 re
1159 2800 1352 2870 largam
1393 2814 1444 2850 et
1485 2795 1786 2848 munificam

221 2911 273 2946 se
310 2891 596 2964 praebuisse
632 2892 784 2945 facile
832 2889 1023 2962 possim
1072 2890 1309 2946 evincere
1346 2928 1359 2951 >
1420 2886 1462 2940 si
1507 2886 1560 2938 in
1604 2902 1782 2937 eorum
