2216 3533
840 490 938 536 sm
980 470 1009 538 Ἰ
1054 494 1151 538 ms

211 581 332 637 dine
373 578 501 636 tueri
536 577 768 635 officium
793 620 808 644 ‚
836 579 1287 651 aequanimitatem
1321 597 1556 636 servare:
1596 579 1783 653 quibus
1837 595 1839 599 ⁴

210 674 429 744 aliisque
466 670 763 743 hujusmodi
806 671 1199 744 probatissimae
1239 671 1432 726 indolis
1474 675 1791 744 experimen·-

216 764 284 819 tis
320 764 463 836 quasi
500 764 774 834 proludens
827 783 881 817 se
918 779 1238 834 compararet
1287 764 1352 816 ad
1399 766 1652 835 populum
1694 766 1793 820 fre-

213 853 610 926 quentissimum
649 853 971 924 aequissimis
1005 854 1206 927 legibus
1253 854 1627 910 instituendum
1668 899 1683 921 ‚
1725 859 1791 911 ad

215 945 318 999 Dei
354 946 552 998 cultum
593 965 624 997 a
657 944 849 1015 quovis
899 945 1135 999 ethnicae
1187 946 1568 1016 superstitionis
1629 966 1797 1003 naevo

217 1036 587 1093 vindicandum
626 1078 642 1101 ,
684 1037 748 1090 ad
787 1056 953 1091 mores
990 1037 1086 1091 rite
1123 1040 1512 1108 componendos
1557 1081 1571 1103 0
1610 1042 1675 1093 ad
1718 1039 1797 1093 in*

215 1127 537 1186 sensissimos
567 1130 741 1190 hostes
774 1127 1131 1201 profligandos
1155 1169 1170 1193 ‚
1203 1131 1267 1182 ad
1300 1130 1629 1185 acerbissima
1660 1131 1799 1187 vitae

215 1219 515 1274 discrimina
547 1219 745 1273 fortiter
783 1219 1054 1273 obeunda.
1092 1221 1170 1273 At
1202 1220 1340 1274 enim
1378 1241 1550 1275 nonne
1587 1222 1667 1276 his
1703 1243 1794 1294 ap-

215 1310 384 1382 prime
419 1329 651 1366 consoua
690 1310 843 1367 licuit
878 1310 1168 1382 conspicari
1209 1311 1263 1365 in
1295 1313 1631 1368 VICTORII
1674 1334 1798 1386 pue*

218 1402 337 1456 ritia
391 1419 444 1456 et
493 1402 841 1458 adolescentia
879 1402 946 1456 ad
995 1404 1131 1457 bona
1172 1419 1225 1458 et
1269 1407 1521 1476 praeclara
1564 1427 1794 1479 quaeque

219 1494 333 1548 nati
366 1494 564 1568 ingenii
598 1499 979 1549 monumenta?
1016 1496 1076 1550 In
1110 1494 1218 1567 ejus
1251 1497 1450 1552 scilicet
1493 1517 1599 1551 non
1638 1500 1801 1553 modo

220 1586 410 1652 factiS,
452 1586 544 1641 sed
575 1586 726 1644 vultu
763 1585 920 1640 etiam
952 1587 1233 1659 habituque
1271 1589 1503 1660 corpor-is
1541 1590 1802 1643 eminebat

223 1679 413 1735 mentis
450 1677 690 1733 alacritas
713 1718 730 1742 ‚
765 1676 927 1731 animi
965 1677 1274 1751 magnitudo
1296 1720 1312 1743 ‚
1347 1679 1577 1733 discendi
1611 1680 1800 1745 ardor-5

223 1771 432 1844 pietatis
469 1787 521 1826 et
557 1768 914 1827 continentiae
944 1770 1173 1826 studium
1206 1770 1463 1845 singulare
1485 1813 1497 1825 .
1531 1772 1800 1825 Praeterea

226 1862 444 1919 difficile
483 1863 630 1918 dictu
670 1878 780 1927 est,
818 1881 924 1935 quo
966 1881 1166 1935 semper
1202 1863 1358 1918 fuerit
1393 1864 1449 1917 in
1486 1873 1719 1937 parentes
1755 1881 1806 1919 et

225 1955 547 2012 necessarios
568 1973 740 2010 amore
774 1970 825 2008 et
846 1955 1173 2011 observantia
1195 1997 1209 2019 ,
1249 1955 1303 2008 in
1337 1972 1688 2027 praeceptores
1721 1976 1805 2009 cu·

230 2063 525 2119 ratoresque
561 2046 743 2101 officio
762 2086 778 2110 ,
816 2065 917 2117 qua
946 2045 1001 2099 in
1031 2045 1297 2101 inferiores
1329 2047 1578 2101 facilitate
1599 2089 1613 2111 ,
1638 2048 1809 2101 indul--

233 2137 409 2212 gentia
441 2137 497 2191 in
537 2139 771 2211 aequales
812 2178 828 2202 ‚
866 2137 1065 2192 miseris
1105 2139 1397 2210 opitulandi
1437 2140 1803 2211 proclivitate,

234 2231 508 2284 honestum
542 2230 818 2303 quidquam
857 2271 873 2294 ‚
912 2230 998 2287 vel
1034 2229 1161 2284 utile
1195 2232 1439 2285 audentes
1476 2231 1687 2287 fovendi
1722 2251 1808 2285 ex·

234 2319 532 2391 citandique
584 2319 916 2374 contentione
949 2359 962 2372 .
1018 2321 1096 2374 Ut
1132 2321 1271 2391 quod
1308 2321 1432 2374 olim
1478 2322 1539 2375 de
1579 2319 1809 2391 Trajano

236 2410 437 2467 dictum
470 2410 767 2482 accepimus
804 2453 820 2476 ‚
871 2412 916 2466 si
956 2412 1188 2465 nondum
1226 2412 1350 2466 satis
1392 2430 1649 2468 constaret
1686 2455 1701 2478 ,
1741 2433 1809 2469 an

238 2500 413 2572 aliquo
435 2501 662 2555 Numine
701 2517 925 2557 rectores
959 2502 1102 2557 terris
1141 2503 1377 2558 darentur
1399 2547 1414 2569 ‚
1442 2505 1712 2559 indubium
1739 2523 1808 2560 ta*

239 2611 360 2647 men
398 2592 530 2647 foret
558 2592 851 2665 Principem
874 2635 889 2658 ‚
931 2596 993 2649 de
1029 2613 1134 2667 quo
1171 2614 1337 2650 sermo
1370 2596 1606 2668 procedit
1628 2637 1642 2660 ,
1679 2597 1809 2652 divi-

241 2684 756 2742 nitusconstitutum
792 2705 810 2748 ;
849 2686 958 2740 imo
995 2728 1009 2758 ,
1048 2688 1187 2757 quod
1227 2687 1515 2742 certissimo
1553 2688 1654 2741 Dei
1697 2706 1808 2740 oras.-

244 2776 369 2830 culo
402 2776 465 2829 de
496 2775 608 2829 filio
630 2778 766 2842 Iesse
797 2793 874 2831 est
895 2778 1240 2849 praedicatum
1263 2819 1278 2842 ‚
1301 2780 1537 2832 eumdem
1561 2778 1718 2831 fuisse
1734 2777 1809 2831 in÷

246 2884 458 2926 ventum
477 2908 494 2935 2
530 2869 620 2945 qui
655 2887 721 2925 ex
742 2868 908 2926 divini
939 2870 1107 2927 cordis
1135 2868 1387 2925 sententia
1427 2868 1770 2925 dominaretur
1793 2907 1805 2922 .
