2216 3533
985 489 1083 533 sm
1132 479 1197 533 ¹4
1241 491 1340 535 W

385 576 487 631 late
529 575 681 631 Italia
722 573 793 630 ita
827 591 904 631 est
939 579 1269 650 pervulgata,
1311 593 1368 631 ut
1394 579 1528 650 apud
1559 597 1734 634 omnes
1769 598 1972 654 magno

386 668 440 721 in
483 670 678 722 honore
715 668 819 722 sint
858 669 1019 722 habiti
1054 709 1069 732 ⁹
1121 669 1208 739 qui
1247 670 1309 721 de
1350 668 1531 723 litteris
1573 690 1633 725 ac
1679 671 1973 738 litterarum,

385 760 672 814 cultoribus
694 760 891 830 aliquid
912 776 1122 832 possent
1141 760 1367 831 judicare
1390 801 1401 813 .
1449 761 1654 815 Etenim
1690 781 1789 832 qua
1823 781 1962 814 men-

389 851 456 904 tis
492 851 604 904 acie
641 852 850 905 valebat
924 851 1136 905 minime
1175 852 1375 925 Vulgari
1402 894 1418 916 ‚
1461 854 1658 906 mature
1699 871 1961 923 compete·-

387 959 464 996 rat
506 983 521 1006 ,
570 942 698 995 nihil
737 962 846 997 esse
883 945 1107 997 humano
1145 944 1318 1016 generi
1359 945 1524 1016 magis
1565 945 1866 1017 frugiferum
1910 960 1963 997 et

388 1034 608 1088 salutare
652 1075 666 1097 ‚
704 1054 854 1105 quam
893 1034 1213 1107 intelligendi
1249 1034 1330 1091 Vis
1371 1052 1422 1089 et
1461 1036 1696 1090 alacritas
1738 1077 1753 1101 ⁹
1804 1038 1963 1090 hone-

385 1125 829 1196 stissimarumquc
855 1125 1162 1180 facultatum
1184 1127 1338 1183 decus
1369 1143 1419 1180 et
1440 1127 1814 1182 incrementum
1836 1169 1846 1180 .
1874 1128 1965 1181 Di-

390 1217 585 1270 dicerat
625 1217 804 1274 itidem
842 1217 1319 1288 probatissimorum
1361 1218 1680 1289 Scriptorum
1731 1218 1965 1272 testimo·

389 1307 481 1361 nio
519 1308 813 1361 Romanum
846 1308 1122 1379 Imperium
1156 1311 1251 1363 sub
1281 1310 1524 1382 Augusto
1557 1328 1662 1362 non
1705 1325 1808 1362 tam
1853 1309 1965 1380 opio

390 1399 484 1452 bus
523 1399 675 1453 armis
724 1399 953 1470 potentia
997 1398 1302 1453 fortitudine
1352 1400 1576 1454 bellandi
1618 1400 1808 1457 Virtute
1849 1401 1967 1457 vin·

320 1480 321 1483 Ἴ
385 1489 539 1544 cendi
579 1490 826 1543 felicitate
867 1490 1052 1544 artium
1093 1490 1257 1544 nitore
1295 1507 1345 1544 et
1376 1491 1661 1556 industria,
1697 1511 1850 1562 quam
1896 1492 1967 1546 rei

387 1580 660 1636 litterariae
717 1581 892 1636 studio
942 1598 1095 1652 atque
1135 1581 1473 1654 amplitudine
1527 1582 1687 1637 fuisse
1740 1582 1966 1636 maxime

386 1674 806 1729 commendatum
833 1694 849 1733 ε,
892 1673 1163 1727 Graeciam
1196 1692 1321 1729 vero
1354 1671 1597 1743 quamdiu
1629 1672 1848 1726 scientia
1872 1713 1884 1735 ‚
1911 1689 1963 1728 et

390 1765 679 1820 eruditione
710 1764 961 1835 praestitit
980 1805 994 1828 ‚
1023 1764 1164 1817 omni
1187 1782 1305 1819 cum
1329 1763 1474 1820 civili
1498 1780 1605 1816 tum
1635 1763 1822 1817 bellica
1845 1764 1957 1818 lau-

385 1858 450 1911 de
492 1855 634 1909 domi
675 1872 726 1911 et
759 1855 970 1911 militiae
1011 1855 1323 1927 praestitisse
1347 1896 1359 1907 .
1406 1855 1734 1927 Quapropter
1772 1857 1968 1913 nullam

387 1947 487 2003 sibi
530 1966 707 2001 curam
744 1947 1084 2000 omittendam
1122 1965 1231 2000 esse
1275 1946 1511 2008 censuit,
1551 1962 1610 1999 ut
1644 1944 1970 2011 validissima

387 2057 518 2108 quae
558 2055 732 2109 posset
763 2037 835 2091 eis
880 2037 1144 2092 festinaret
1170 2037 1397 2091 subsidia
1420 2078 1435 2100 ,
1478 2036 1663 2108 quibus
1706 2036 1833 2090 olim
1857 2057 1970 2091 mos

386 2131 622 2184 derandis
660 2129 1016 2201 praeficeretur
1040 2171 1051 2182 .
1093 2131 1212 2183 Non
1255 2127 1480 2182 absimili
1514 2129 1697 2182 ductus
1735 2129 1966 2181 consilio

389 2221 573 2294 egenis
614 2238 667 2281 et
708 2224 931 2275 obscuro
966 2222 1088 2273 loco
1131 2219 1264 2273 natis
1302 2219 1717 2277 adolescentibus
1758 2220 1964 2291 asylum

390 2313 589 2385 aperuit
609 2355 622 2377 ,
653 2312 741 2366 ubi
776 2329 827 2367 et
858 2314 923 2366 ad
959 2311 1119 2369 vitam
1157 2310 1442 2368 necessaria,
1472 2309 1574 2363 illis
1606 2325 1931 2381 suppeterent
1951 2349 1967 2373 2,

388 2420 441 2457 et
478 2424 680 2458 summa
736 2404 892 2459 iidem
933 2402 1172 2462 credendi
1223 2401 1512 2474 agendique
1561 2420 1626 2455 ex
1669 2400 1970 2461 Catholicae

389 2495 681 2568 Religionis
720 2495 1030 2566 praescripto
1070 2494 1269 2565 capita,
1310 2508 1361 2545 et
1384 2492 1595 2545 Italicae
1628 2492 1833 2564 linguae
1862 2494 1964 2545 ele«,

389 2604 561 2647 menta
613 2588 894 2644 commode
939 2603 1291 2657 ‘accurateque
1349 2586 1687 2641 docerenturq
1735 2584 1822 2636 Ad
1865 2585 1965 2640 hoc

391 2681 531 2751 leges
582 2694 733 2747 atque
779 2677 1014 2733 instituta
1069 2676 1329 2730 studiosae
1367 2673 1623 2745 juventuti
1669 2675 1733 2726 ad
1798 2673 1969 2746 ingre÷

392 2770 637 2824 diendum
667 2768 978 2839 firmiterque
1017 2769 1356 2825 insistendum
1386 2768 1635 2820 bonarum
1661 2765 1843 2819 artium
1874 2765 1971 2817 iter
2007 2768 2010 2771 ’

390 2860 695 2921 excitandae
736 2876 885 2930 atque
924 2859 1242 2929 adjuvandae
1283 2860 1540 2931 quondam
1581 2858 1785 2917 invecta
1826 2856 1973 2922 restig-

394 2950 494 3005 tuit
529 2950 868 3023 amplificavit
912 2950 1242 3009 confirmavit
1265 2991 1278 3008 0
