2216 3533
1023 511 1119 557 m
1160 497 1231 552 24
1271 512 1368 558 me

405 602 617 661 rissimis
659 619 707 658 et
746 599 980 675 plurimis
1024 640 1039 664 ‚
1081 618 1210 670 quae
1250 601 1344 654 sub
1383 598 1521 657 vitae
1562 594 1759 650 exitum
1801 614 1978 649 eorum

408 697 649 772 praetulit
703 692 1021 768 argumentis
1082 690 1226 744 facili
1279 691 1580 745 coniectura
1628 688 1979 760 unusquisque

406 805 583 864 posset
624 805 834 860 arguere
869 800 1000 855 quot
1033 799 1321 854 quantaque
1349 781 1497 837 annis
1532 780 1876 853 superioribus
1898 781 1981 832 de-

413 881 581 936 derit:
624 898 751 951 quae
791 876 1022 949 profecto
1058 874 1263 947 singula
1295 875 1501 946 paribus
1537 873 1775 946 prosequi
1809 872 1982 929 Verbis

408 972 795 1046 aggredientem
837 988 866 1021 a
905 965 1222 1038 praestitutis
1259 965 1466 1019 dicendi
1486 966 1679 1020 finibus
1701 984 1854 1039 quam
1876 964 1985 1017 lon-

407 1063 619 1136 gissime
656 1073 995 1117 avocassent.
1039 1059 1115 1111 Ita
1157 1056 1361 1112 scilicet
1402 1058 1529 1111 mihi
1569 1077 1698 1129 opus
1740 1076 1847 1110 non
1888 1055 1986 1109 erit

407 1152 670 1211 immorari
691 1152 746 1206 in
767 1171 823 1206 ea
841 1148 1156 1222 expedienda
1181 1190 1195 1213 ‚
1237 1170 1337 1221 qua
1370 1165 1667 1204 constanter
1687 1164 1839 1201 antea
1860 1165 1986 1201 usus

408 1262 515 1301 erat
552 1242 780 1317 religiosi
815 1240 1039 1295 hominis
1082 1240 1354 1312 disciplina
1387 1283 1402 1306 ‚
1441 1243 1600 1295 modo
1634 1240 1769 1293 intra
1812 1241 1990 1293 dome-

408 1337 567 1392 sticos
607 1333 854 1406 parietes,
894 1333 1050 1386 modo
1088 1332 1143 1385 in
1181 1332 1311 1386 locis
1353 1373 1368 1396 ‚
1412 1332 1499 1386 ubi
1542 1332 1782 1403 publicus
1820 1350 1990 1402 supre-

408 1449 498 1483 mo
535 1425 751 1482 Numini
796 1426 964 1479 cultus
1001 1425 1134 1479 solet
1168 1424 1436 1478 adhiberi:
1480 1444 1642 1495 neque
1682 1423 1991 1478 facilitatem

409 1519 620 1582 efferre,
658 1536 759 1589 qua
794 1519 1012 1588 regalem
1052 1517 1251 1570 solebat
1286 1514 1603 1585 majestatem
1643 1514 1854 1568 delinire
1889 1557 1905 1579 ‚
1948 1513 1994 1568 si

414 1611 624 1682 quando
670 1625 775 1660 non
819 1607 988 1660 dicam
1012 1649 1027 1670 ‚
1069 1606 1256 1678 aliquis
1280 1606 1542 1661 Ecclesiae
1581 1606 1871 1677 praesulum
1911 1606 1997 1662 vel

412 1699 725 1772 optimatum
751 1739 764 1762 ,
804 1698 894 1752 sed
934 1698 1165 1769 privatus
1204 1698 1422 1771 quisque
1461 1699 1578 1752 Deo
1615 1697 1862 1769 peculiari
1900 1718 1997 1751 no-

415 1791 555 1846 mine
597 1791 922 1862 mancipatus
976 1791 1042 1843 ad
1089 1810 1207 1845 eum
1247 1791 1380 1846 forte
1419 1791 1684 1845 accederet
1728 1805 1820 1845 aut
1855 1790 2001 1844 exhi-

411 1882 567 1937 bendi
589 1881 753 1935 officii
786 1881 950 1953 gratia
972 1923 987 1945 ‚
1025 1898 1115 1935 aut
1147 1902 1300 1953 opem
1335 1897 1389 1937 et
1426 1882 1777 1954 patrocinium
1814 1883 1998 1954 implo-

414 1973 560 2028 randi
584 1993 597 2025 z
634 1992 798 2043 neque
822 1973 1535 2040 observantiam?singularem
1559 1973 1877 2045 praedicare,
1898 1995 1999 2046 qua

414 2065 493 2117 Te
525 2081 576 2118 et
607 2080 879 2137 augustam
923 2066 1055 2118 hanc
1093 2064 1232 2119 Petri
1274 2066 1455 2120 Sedem
1489 2064 1593 2137 jam
1637 2082 1745 2120 tum
1776 2083 1854 2121 est
1882 2085 2001 2138 proa-

419 2173 628 2210 secutus
652 2197 666 2220 ,
710 2176 831 2210 cum
873 2159 1074 2230 Regem
1118 2177 1265 2230 agere
1306 2158 1478 2230 coepit
1516 2159 1690 2214 omnia
1728 2160 1901 2213 statim
1938 2159 2002 2213 de

417 2248 591 2302 medio
630 2249 804 2301 tollere
841 2250 1046 2302 adortus
1088 2289 1102 2312 ‚
1143 2249 1182 2303 si
1219 2270 1320 2320 qua
1355 2252 1596 2304 suberant
1636 2293 1651 2315 ‚
1707 2250 1910 2305 semina
1948 2267 2002 2305 et

421 2340 758 2395 incitamenta
781 2339 1053 2394 simultatis
1074 2381 1087 2404 2
1112 2341 1289 2394 onmia
1319 2340 1496 2395 itidem
1520 2341 1754 2396 ordinare
1784 2359 1835 2397 et
1856 2361 2003 2396 com-

419 2452 645 2504 ponere,
687 2432 873 2503 quibus
896 2450 1071 2486 mutua
1093 2433 1374 2487 concordia
1392 2432 1653 2490 foveretur
1685 2450 1839 2505 atque
1875 2453 2004 2488 con-

426 2523 626 2579 sisteret
647 2565 658 2576 .
702 2526 905 2579 Etenim
946 2545 1050 2579 rem
1083 2546 1165 2579 me
1201 2524 1481 2578 arbitrabor
1503 2524 1790 2580 confecisse
1812 2567 1826 2589 ‚
1866 2524 1910 2578 si
1944 2545 2004 2578 ea

426 2630 626 2669 tantum
665 2613 960 2684 subjecer0‚
999 2636 1127 2687 quae
1161 2617 1255 2671 sub
1298 2632 1581 2669 extremum
1612 2615 1748 2672 Vitae
1782 2615 2005 2687 spatium

426 2705 512 2778 pie
548 2704 887 2777 religioseque
915 2707 1129 2778 gessisse
1156 2708 1300 2760 illum
1322 2710 1616 2778 accepimus
1641 2747 1654 2760 .
1700 2709 1832 2762 Eum
1855 2727 2006 2779 quae·

428 2816 490 2852 so
528 2796 622 2850 tibi
660 2816 891 2868 propone
927 2798 1060 2850 diem
1098 2799 1357 2852 funestum
1392 2798 1583 2870 oppido
1620 2814 1773 2869 atque
1809 2797 2004 2868 impor-

428 2900 647 2953 tunum,
684 2907 787 2961 quo
822 2888 1221 2944 VICTORIUS
1269 2888 1553 2962 improvisa
1589 2888 1645 2946 vi
1687 2887 1850 2942 morbi
1894 2908 2000 2964 gra-
