2216 3533
1024 520 1122 564 sm
1164 491 1199 546 8
1242 521 1339 565 ὢν

544 609 690 675 Quid
723 606 767 663 si
812 606 933 662 haec
972 606 1145 679 opima
1183 608 1436 664 virtutum
1474 603 1670 661 semina
1714 624 1744 659 a
1785 620 1964 662 natura

383 719 471 756 seu
518 701 690 757 verius
740 719 771 754 a
819 715 1024 752 naturae
1075 699 1532 771 providentissimo
1572 700 1807 753 Auctore
1854 700 1964 772 ejus

382 791 557 845 animo
598 791 753 846 insita
804 791 1117 861 quotidianis
1157 807 1209 845 et
1248 789 1523 862 exquisitis
1562 789 1775 844 monitis
1819 811 1959 863 prae-

381 884 648 955 ceptisque
684 883 921 937 uberibus
954 882 1099 954 quasi
1129 882 1276 954 aquis
1306 881 1515 955 irrigata
1537 900 1599 934 eo
1621 880 1813 934 fuerint
1833 900 1950 937 sen-

380 976 480 1033 sim
516 977 738 1029 adducta
779 1015 794 1038 ‚
835 989 894 1027 ut
931 973 1162 1030 nativam
1203 973 1477 1027 commode
1513 988 1565 1026 et
1607 971 1811 1026 abunde
1847 971 1956 1033 foef

382 1068 701 1121 cunditatcm
723 1065 1074 1138 explicarent?
1119 1064 1266 1130 Quid
1287 1106 1302 1129 ‚
1346 1064 1388 1118 si
1421 1083 1539 1118 cum
1561 1064 1781 1137 egregiis
1815 1083 1956 1120 sum-

374 1177 581 1212 morum
614 1157 841 1213 virorum
882 1157 1233 1212 monumentis
1277 1199 1291 1223 ,
1333 1176 1462 1230 quae
1504 1156 1578 1210 illi
1615 1175 1682 1210 ex
1716 1174 1862 1210 sacra
1893 1172 1958 1211 et:

374 1250 589 1322 profana
622 1249 833 1302 historia
872 1266 1137 1321 suppetere
1171 1265 1553 1304 consueverunt
1592 1289 1608 1312 ‚
1665 1247 1954 1302 domestica

377 1341 564 1412 pariter
601 1339 966 1393 moderationis
1005 1339 1414 1411 aequanimitatis
1460 1338 1833 1393 beneficentiae
1874 1357 1952 1392 re-

372 1431 583 1505 ligionis
626 1435 864 1502 exempla
905 1432 1315 1503 conspiraverint
1352 1472 1368 1496 ,
1427 1431 1611 1504 quibus
1653 1433 1720 1486 ob
1763 1432 1949 1486 oculos

371 1524 562 1596 passim
599 1523 989 1578 obversantibus
1011 1565 1026 1588 ‚
1066 1521 1308 1593 subjectis
1329 1522 1491 1580 veluti
1523 1521 1726 1577 facibus
1748 1521 1956 1578 inflam-

373 1615 504 1669 mari
563 1615 732 1687 ipsum
770 1632 978 1669 necesse
1011 1631 1116 1668 erat
1167 1615 1233 1668 ad
1278 1613 1652 1686 amplissimam
1692 1632 1953 1686 quamque

375 1722 428 1759 et
465 1705 879 1760 honestissimam
910 1723 1016 1758 rem
1056 1705 1420 1777 capessendam
1456 1704 1542 1761 vel
1571 1703 1951 1759 exercendam?

373 1796 682 1852 Praesertim
720 1815 845 1851 vero
882 1814 1001 1850 cum
1038 1794 1094 1849 in
1135 1811 1395 1867 parentem
1425 1793 1684 1866 optimum
1721 1795 1952 1850 CARO-

376 1890 541 1946 LUM
582 1889 1116 1943 EMMANUELEM
1147 1903 1429 1959 spectaret,
1473 1888 1537 1942 de
1570 1885 1718 1957 cujus
1745 1885 1948 1960 magnis

369 1996 522 2052 atque
554 1979 815 2052 permultis
838 1980 890 2032 in
914 1980 1243 2034 christianam
1280 1999 1440 2050 aeque
1477 1997 1538 2032 ac
1573 1977 1782 2034 civilem
1816 1997 1951 2033 rem-

366 2071 639 2143 publicam
671 2071 865 2125 meritis
898 2091 1060 2142 neque
1092 2070 1174 2124 hic
1204 2086 1281 2124 est
1317 2070 1525 2123 dicendi
1556 2071 1736 2133 locu8‚
1775 2086 1946 2139 neque

372 2166 519 2235 plura
537 2163 640 2216 dici
662 2179 870 2233 possent
895 2183 1045 2234 quam
1068 2181 1196 2234 quae
1226 2162 1391 2216 adhuc
1414 2162 1621 2232 Europa
1652 2175 1800 2233 grato
1834 2159 1945 2212 ani-

366 2255 442 2309 mi
480 2273 631 2309 sensu
668 2270 721 2307 et
758 2252 1132 2324 jucundissima
1173 2252 1524 2306 recordatione
1556 2251 1839 2306 admiratur
1869 2265 1931 2303 ‘et

363 2345 627 2419 praedicat
668 2365 682 2399 ε
737 2345 930 2416 quique
973 2363 1094 2398 cum
1138 2343 1460 2399 carissimum
1504 2342 1674 2397 filium
1715 2341 1944 2413 integer-

363 2437 505 2491 rimis
528 2479 543 2501 ‚
579 2436 1033 2507 eruditissimisque
1055 2434 1180 2491 viris
1212 2434 1583 2488 instituendum
1607 2431 1898 2486 tradidisset
1920 2469 1937 2494 ,

367 2546 479 2584 tum
516 2547 626 2582 sese
661 2528 737 2581 illi
780 2544 1036 2598 tamquam
1079 2525 1335 2597 exemplar
1375 2525 1443 2578 ad
1485 2522 1793 2578 imitandum
1828 2540 1944 2594 pro-

370 2621 546 2694 posuit
567 2661 582 2684 ,
614 2620 669 2673 in
699 2639 801 2691 quo
839 2618 1086 2690 quidquid
1125 2617 1376 2672 eximium
1418 2615 1590 2671 studio
1625 2630 1677 2668 et
1713 2612 1942 2685 discipli-

370 2732 440 2766 na
481 2711 746 2766 didicisset
773 2710 1050 2780 aptissimis
1080 2730 1238 2783 prope
1268 2708 1497 2764 effictum
1527 2700 1788 2761 coloribus
1819 2724 1939 2760 con-

371 2806 700 2878 templaretur
727 2845 737 2857 .

521 2898 716 2968 Verum
762 2912 841 2950 tot
876 2895 1007 2950 inter
1038 2895 1102 2949 ad
1139 2894 1341 2969 integre
1372 2892 1723 2966 sapienterque
1753 2888 1938 2947 viven·
